@ARTICLE{2016ApJ...832..211P,
	author = {{Penny}, Laura R. and {Epps}, Jacob G. and {Snyder}, Joseph D.},
	title = "{Tomographic Separation of Composite Spectra. XII. The Physical Properties and Spectral Phase Variability of the Massive Close Binary HD 159176}",
	journal = {\apj},
	keywords = {binaries: spectroscopic, stars: early-type, stars: fundamental parameters, stars: individual: HD 159176, stars: massive, ultraviolet: stars},
	year = 2016,
	month = dec,
	volume = {832},
	number = {2},
	eid = {211},
	pages = {211},
	doi = {10.3847/0004-637X/832/2/211},
	adsurl = {https://ui.adsabs.harvard.edu/abs/2016ApJ...832..211P},
	adsnote = {Provided by the SAO/NASA Astrophysics Data System}
}
@ARTICLE{2007ApJ...655L..45M,
       author = {{McMillan}, Stephen L.~W. and {Vesperini}, Enrico and {Portegies Zwart}, Simon F.},
        title = "{A Dynamical Origin for Early Mass Segregation in Young Star Clusters}",
      journal = {\apjl},
     keywords = {Galaxy: Globular Clusters: General, Methods: n-Body Simulations, Galaxy: Open Clusters and Associations: General, Stars: Formation, Stellar Dynamics, Astrophysics},
         year = 2007,
        month = jan,
       volume = {655},
       number = {1},
        pages = {L45-L49},
          doi = {10.1086/511763},
archivePrefix = {arXiv},
       eprint = {astro-ph/0609515},
 primaryClass = {astro-ph},
       adsurl = {https://ui.adsabs.harvard.edu/abs/2007ApJ...655L..45M},
      adsnote = {Provided by the SAO/NASA Astrophysics Data System}
}
@ARTICLE{2007MNRAS.381L..40D,
       author = {{Dib}, Sami and {Kim}, Jongsoo and {Shadmehri}, Mohsen},
        title = "{The origin of the Arches stellar cluster mass function}",
      journal = {\mnras},
     keywords = {turbulence, ISM: clouds, Galaxy: centre, open clusters and associations: individual: Arches, galaxies: star clusters, Astrophysics},
         year = 2007,
        month = oct,
       volume = {381},
       number = {1},
        pages = {L40-L44},
          doi = {10.1111/j.1745-3933.2007.00362.x},
archivePrefix = {arXiv},
       eprint = {0706.0950},
 primaryClass = {astro-ph},
       adsurl = {https://ui.adsabs.harvard.edu/abs/2007MNRAS.381L..40D},
      adsnote = {Provided by the SAO/NASA Astrophysics Data System}
}
@ARTICLE{2008AJ....135..173S,
       author = {{Sabbi}, E. and {Sirianni}, M. and {Nota}, A. and {Tosi}, M. and {Gallagher}, J. and {Smith}, L.~J. and {Angeretti}, L. and {Meixner}, M. and {Oey}, M.~S. and {Walterbos}, R. and {Pasquali}, A.},
        title = "{The Stellar Mass Distribution in the Giant Star Forming Region NGC 346}",
      journal = {\aj},
     keywords = {galaxies: star clusters, Magellanic Clouds, open clusters and associations: individual: NGC 346, stars: luminosity function, mass function, Astrophysics},
         year = 2008,
        month = jan,
       volume = {135},
       number = {1},
        pages = {173-181},
          doi = {10.1088/0004-6256/135/1/173},
archivePrefix = {arXiv},
       eprint = {0710.0558},
 primaryClass = {astro-ph},
       adsurl = {https://ui.adsabs.harvard.edu/abs/2008AJ....135..173S},
      adsnote = {Provided by the SAO/NASA Astrophysics Data System}
}
@ARTICLE{2007AJ....134.1368C,
       author = {{Chen}, L. and {de Grijs}, R. and {Zhao}, J.~L.},
        title = "{Mass Segregation in Very Young Open Clusters: A Case Study of NGC 2244 and NGC 6530}",
      journal = {\aj},
     keywords = {astrometry, open clusters and associations: general, open clusters and associations: individual: NGC 2244: NGC 6530, stellar dynamics, Astrophysics},
         year = 2007,
        month = oct,
       volume = {134},
       number = {4},
        pages = {1368-1379},
          doi = {10.1086/521022},
archivePrefix = {arXiv},
       eprint = {0706.2723},
 primaryClass = {astro-ph},
       adsurl = {https://ui.adsabs.harvard.edu/abs/2007AJ....134.1368C},
      adsnote = {Provided by the SAO/NASA Astrophysics Data System}
}
@ARTICLE{2008MNRAS.386.2047M,
       author = {{Marks}, Michael and {Kroupa}, Pavel and {Baumgardt}, Holger},
        title = "{The influence of gas expulsion and initial mass segregation on the stellar mass function of globular star clusters}",
      journal = {\mnras},
     keywords = {stellar dynamics, methods: N-body simulations, binaries: general, stars: luminosity function, mass function, globular clusters: general, Astrophysics},
         year = 2008,
        month = jun,
       volume = {386},
       number = {4},
        pages = {2047-2054},
          doi = {10.1111/j.1365-2966.2008.13165.x},
archivePrefix = {arXiv},
       eprint = {0803.0543},
 primaryClass = {astro-ph},
       adsurl = {https://ui.adsabs.harvard.edu/abs/2008MNRAS.386.2047M},
      adsnote = {Provided by the SAO/NASA Astrophysics Data System}
}
@ARTICLE{2019A&A...627A.119C,
	author = {{Carrera}, R. and {Pasquato}, M. and {Vallenari}, A. and {Balaguer-N{\'u}{\~n}ez}, L. and {Cantat-Gaudin}, T. and {Mapelli}, M. and {Bragaglia}, A. and {Bossini}, D. and {Jordi}, C. and {Galad{\'\i}-Enr{\'\i}quez}, D. and {Solano}, E.},
	title = "{Extended halo of NGC 2682 (M 67) from Gaia DR2}",
	journal = {\aap},
	keywords = {astrometry, open clusters and associations: individual: NGC 2682, Astrophysics - Solar and Stellar Astrophysics, Astrophysics - Astrophysics of Galaxies},
	year = 2019,
	month = jul,
	volume = {627},
	eid = {A119},
	pages = {A119},
	doi = {10.1051/0004-6361/201935599},
	archivePrefix = {arXiv},
	eprint = {1905.02020},
	primaryClass = {astro-ph.SR},
	adsurl = {https://ui.adsabs.harvard.edu/abs/2019A&A...627A.119C},
	adsnote = {Provided by the SAO/NASA Astrophysics Data System}
}
@ARTICLE{1998MNRAS.299..955P,
	author = {{Pinfield}, D.~J. and {Jameson}, R.~F. and {Hodgkin}, S.~T.},
	title = "{The mass of the Pleiades}",
	journal = {\mnras},
	keywords = {CATALOGUES, CELESTIAL MECHANICS, STELLAR DYNAMICS, STARS: LOW-MASS, BROWN DWARFS, OPEN CLUSTERS AND ASSOCIATIONS: INDIVIDUAL: PLEIADES},
	year = 1998,
	month = oct,
	volume = {299},
	number = {4},
	pages = {955-964},
	doi = {10.1046/j.1365-8711.1998.01754.x},
	adsurl = {https://ui.adsabs.harvard.edu/abs/1998MNRAS.299..955P},
	adsnote = {Provided by the SAO/NASA Astrophysics Data System}
}
@ARTICLE{2011PASA...28..128C,
       author = {{Cameron}, Ewan},
        title = "{On the Estimation of Confidence Intervals for Binomial Population Proportions in Astronomy: The Simplicity and Superiority of the Bayesian Approach}",
      journal = {\pasa},
     keywords = {methods: data analysis, methods: statistical, Astrophysics - Instrumentation and Methods for Astrophysics, Physics - Data Analysis, Statistics and Probability},
         year = 2011,
        month = jun,
       volume = {28},
       number = {2},
        pages = {128-139},
          doi = {10.1071/AS10046},
archivePrefix = {arXiv},
       eprint = {1012.0566},
 primaryClass = {astro-ph.IM},
       adsurl = {https://ui.adsabs.harvard.edu/abs/2011PASA...28..128C},
      adsnote = {Provided by the SAO/NASA Astrophysics Data System}
}


@ARTICLE{2017MNRAS.468L..63B,
	author = {{Bovy}, Jo},
	title = "{Galactic rotation in Gaia DR1}",
	journal = {\mnras},
	keywords = {stars: kinematics and dynamics, Galaxy: disc, Galaxy: fundamental parameters, Galaxy: kinematics and dynamics, solar neighbourhood, Astrophysics - Astrophysics of Galaxies},
	year = 2017,
	month = jun,
	volume = {468},
	number = {1},
	pages = {L63-L67},
	doi = {10.1093/mnrasl/slx027},
	archivePrefix = {arXiv},
	eprint = {1610.07610},
	primaryClass = {astro-ph.GA},
	adsurl = {https://ui.adsabs.harvard.edu/abs/2017MNRAS.468L..63B},
	adsnote = {Provided by the SAO/NASA Astrophysics Data System}
}
@ARTICLE{2020MNRAS.499.2701M,
	author = {{Murphy}, Simon J. and {Gray}, Richard O. and {Corbally}, Christopher J. and {Kuehn}, Charles and {Bedding}, Timothy R. and {Killam}, Josiah},
	title = "{The discovery of lambda Bootis stars - the Southern Survey II}",
	journal = {\mnras},
	keywords = {stars: chemically peculiar, circumstellar matter, stars: early-type, stars: emission-line, Be, stars: evolution, Astrophysics - Solar and Stellar Astrophysics},
	year = 2020,
	month = dec,
	volume = {499},
	number = {2},
	pages = {2701-2713},
	doi = {10.1093/mnras/staa2347},
	archivePrefix = {arXiv},
	eprint = {2008.02392},
	primaryClass = {astro-ph.SR},
	adsurl = {https://ui.adsabs.harvard.edu/abs/2020MNRAS.499.2701M},
	adsnote = {Provided by the SAO/NASA Astrophysics Data System}
}
@ARTICLE{2013MNRAS.436.1465B,
	author = {{Buckner}, Anne S.~M. and {Froebrich}, Dirk},
	title = "{Properties of star clusters - I. Automatic distance and extinction estimates}",
	journal = {\mnras},
	keywords = {stars: distances, stars: fundamental parameters, stars: statistics, dust, extinction, open clusters and associations: general, galaxies: star clusters: general, Astrophysics - Astrophysics of Galaxies},
	year = 2013,
	month = dec,
	volume = {436},
	number = {2},
	pages = {1465-1478},
	doi = {10.1093/mnras/stt1665},
	archivePrefix = {arXiv},
	eprint = {1309.0708},
	primaryClass = {astro-ph.GA},
	adsurl = {https://ui.adsabs.harvard.edu/abs/2013MNRAS.436.1465B},
	adsnote = {Provided by the SAO/NASA Astrophysics Data System}
}
@ARTICLE{1990ARA&A..28...37M,
	author = {{Mathis}, John S.},
	title = "{Interstellar dust and extinction.}",
	journal = {\araa},
	keywords = {Cosmic Dust, Interstellar Extinction, Interstellar Matter, Emission Spectra, Far Ultraviolet Radiation, Milky Way Galaxy, Near Infrared Radiation, Polarized Radiation, Silicates, Astrophysics},
	year = 1990,
	month = jan,
	volume = {28},
	pages = {37-70},
	doi = {10.1146/annurev.aa.28.090190.000345},
	adsurl = {https://ui.adsabs.harvard.edu/abs/1990ARA&A..28...37M},
	adsnote = {Provided by the SAO/NASA Astrophysics Data System}
}

@ARTICLE{2023AA...677A..37C,
	author = {{Castro-Ginard}, Alfred and {Brown}, Anthony G.~A. and {Kostrzewa-Rutkowska}, Zuzanna and {Cantat-Gaudin}, Tristan and {Drimmel}, Ronald and {Oh}, Semyeong and {Belokurov}, Vasily and {Casey}, Andrew R. and {Fouesneau}, Morgan and {Khanna}, Shourya and {Price-Whelan}, Adrian M. and {Rix}, Hans-Walter},
	title = "{Estimating the selection function of Gaia DR3 subsamples}",
	journal = {\aap},
	keywords = {Galaxy: general, methods: statistical, catalogs, Astrophysics - Astrophysics of Galaxies},
	year = 2023,
	month = sep,
	volume = {677},
	eid = {A37},
	pages = {A37},
	doi = {10.1051/0004-6361/202346547},
	archivePrefix = {arXiv},
	eprint = {2303.17738},
	primaryClass = {astro-ph.GA},
	adsurl = {https://ui.adsabs.harvard.edu/abs/2023A&A...677A..37C},
	adsnote = {Provided by the SAO/NASA Astrophysics Data System}
}
@ARTICLE{1971ApJ...164..399S,
	author = {{Spitzer}, Lyman, Jr. and {Hart}, Michael H.},
	title = "{Random Gravitational Encounters and the Evolution of Spherical Systems. I. Method}",
	journal = {\apj},
	year = 1971,
	month = mar,
	volume = {164},
	pages = {399},
	doi = {10.1086/150855},
	adsurl = {https://ui.adsabs.harvard.edu/abs/1971ApJ...164..399S},
	adsnote = {Provided by the SAO/NASA Astrophysics Data System}
}
@BOOK{2008gady.book.....B,
	author = {{Binney}, James and {Tremaine}, Scott},
	title = "{Galactic Dynamics: Second Edition}",
	year = 2008,
	adsurl = {https://ui.adsabs.harvard.edu/abs/2008gady.book.....B},
	adsnote = {Provided by the SAO/NASA Astrophysics Data System}
}

@ARTICLE{1994MNRAS.268..257G,
	author = {{Giersz}, M. and {Heggie}, D.~C.},
	title = "{Statistics of N-Body Simulations - Part One - Equal Masses Before Core Collapse}",
	journal = {\mnras},
	keywords = {methods: numerical - celestial mechanics, stellar dynamics - globular clusters: general, Astrophysics},
	year = 1994,
	month = may,
	volume = {268},
	pages = {257},
	doi = {10.1093/mnras/268.1.257},
	archivePrefix = {arXiv},
	eprint = {astro-ph/9305008},
	primaryClass = {astro-ph},
	adsurl = {https://ui.adsabs.harvard.edu/abs/1994MNRAS.268..257G},
	adsnote = {Provided by the SAO/NASA Astrophysics Data System}
}

@ARTICLE{2020AA...640A...1C,
	author = {{Cantat-Gaudin}, T. and {Anders}, F. and {Castro-Ginard}, A. and {Jordi}, C. and {Romero-G{\'o}mez}, M. and {Soubiran}, C. and {Casamiquela}, L. and {Tarricq}, Y. and {Moitinho}, A. and {Vallenari}, A. and {Bragaglia}, A. and {Krone-Martins}, A. and {Kounkel}, M.},
	title = "{Painting a portrait of the Galactic disc with its stellar clusters}",
	journal = {\aap},
	keywords = {open clusters and associations: general, Galaxy: disk, Astrophysics - Astrophysics of Galaxies, Astrophysics - Solar and Stellar Astrophysics},
	year = 2020,
	month = aug,
	volume = {640},
	eid = {A1},
	pages = {A1},
	doi = {10.1051/0004-6361/202038192},
	archivePrefix = {arXiv},
	eprint = {2004.07274},
	primaryClass = {astro-ph.GA},
	adsurl = {https://ui.adsabs.harvard.edu/abs/2020A&A...640A...1C},
	adsnote = {Provided by the SAO/NASA Astrophysics Data System}
}
@ARTICLE{1969ApJ...158L.139S,
	author = {{Spitzer}, Lyman, Jr.},
	title = "{Equipartition and the Formation of Compact Nuclei in Spherical Stellar Systems}",
	journal = {\apjl},
	year = 1969,
	month = dec,
	volume = {158},
	pages = {L139},
	doi = {10.1086/180451},
	adsurl = {https://ui.adsabs.harvard.edu/abs/1969ApJ...158L.139S},
	adsnote = {Provided by the SAO/NASA Astrophysics Data System}
}


@ARTICLE{2016ApJS..222....8D,
	author = {{Dotter}, Aaron},
	title = "{MESA Isochrones and Stellar Tracks (MIST) 0: Methods for the Construction of Stellar Isochrones}",
	journal = {\apjs},
	keywords = {methods: numerical, stars: evolution, Astrophysics - Solar and Stellar Astrophysics, Astrophysics - Instrumentation and Methods for Astrophysics},
	year = 2016,
	month = jan,
	volume = {222},
	number = {1},
	eid = {8},
	pages = {8},
	doi = {10.3847/0067-0049/222/1/8},
	archivePrefix = {arXiv},
	eprint = {1601.05144},
	primaryClass = {astro-ph.SR},
	adsurl = {https://ui.adsabs.harvard.edu/abs/2016ApJS..222....8D},
	adsnote = {Provided by the SAO/NASA Astrophysics Data System}
}
@ARTICLE{2016ApJ...823..102C,
	author = {{Choi}, Jieun and {Dotter}, Aaron and {Conroy}, Charlie and {Cantiello}, Matteo and {Paxton}, Bill and {Johnson}, Benjamin D.},
	title = "{Mesa Isochrones and Stellar Tracks (MIST). I. Solar-scaled Models}",
	journal = {\apj},
	keywords = {stars: evolution, stars: general, stars: interiors, Astrophysics - Solar and Stellar Astrophysics},
	year = 2016,
	month = jun,
	volume = {823},
	number = {2},
	eid = {102},
	pages = {102},
	doi = {10.3847/0004-637X/823/2/102},
	archivePrefix = {arXiv},
	eprint = {1604.08592},
	primaryClass = {astro-ph.SR},
	adsurl = {https://ui.adsabs.harvard.edu/abs/2016ApJ...823..102C},
	adsnote = {Provided by the SAO/NASA Astrophysics Data System}
}





@ARTICLE{2020MNRAS.497.4246B,
	author = {{Boubert}, Douglas and {Everall}, Andrew},
	title = "{Completeness of the Gaia verse II: what are the odds that a star is missing from Gaia DR2?}",
	journal = {\mnras},
	keywords = {methods: data analysis, methods: statistical, stars: statistics, Galaxy: kinematics and dynamics, Galaxy: stellar content, Astrophysics - Astrophysics of Galaxies, Astrophysics - Instrumentation and Methods for Astrophysics, Astrophysics - Solar and Stellar Astrophysics},
	year = 2020,
	month = oct,
	volume = {497},
	number = {4},
	pages = {4246-4261},
	doi = {10.1093/mnras/staa2305},
	archivePrefix = {arXiv},
	eprint = {2005.08983},
	primaryClass = {astro-ph.GA},
	adsurl = {https://ui.adsabs.harvard.edu/abs/2020MNRAS.497.4246B},
	adsnote = {Provided by the SAO/NASA Astrophysics Data System}
}


@ARTICLE{1975AJ.....80..427P,
	author = {{Peterson}, C.~J. and {King}, I.~R.},
	title = "{The structure of star clusters. VI. Observed radii and structural parameters in globular clusters.}",
	journal = {\aj},
	year = 1975,
	month = jun,
	volume = {80},
	pages = {427-436},
	doi = {10.1086/111759},
	adsurl = {https://ui.adsabs.harvard.edu/abs/1975AJ.....80..427P},
	adsnote = {Provided by the SAO/NASA Astrophysics Data System}
}

@ARTICLE{2024arXiv240301030P,
	author = {{Pulgar-Escobar}, L.~M. and {Henr{\'\i}quez-Salgado}, N.~A.},
	title = "{Bayesian characterization of the young open cluster NGC 6383 using HDBSCAN and Gaia DR3}",
	journal = {arXiv e-prints},
	keywords = {Astrophysics - Astrophysics of Galaxies, Astrophysics - Solar and Stellar Astrophysics},
	year = 2024,
	month = mar,
	eid = {arXiv:2403.01030},
	pages = {arXiv:2403.01030},
	doi = {10.48550/arXiv.2403.01030},
	archivePrefix = {arXiv},
	eprint = {2403.01030},
	primaryClass = {astro-ph.GA},
	adsurl = {https://ui.adsabs.harvard.edu/abs/2024arXiv240301030P},
	adsnote = {Provided by the SAO/NASA Astrophysics Data System}
}
@MISC{2022gdr3.reptE..15M,
    author = {{Marrese}, P.~M. and {Marinoni}, S. and {Fabrizio}, M. and {Altavilla}, G.},
    title = "{Gaia DR3 documentation Chapter 15: Cross-match with external catalogues}",
    howpublished = {Gaia DR3 documentation, European Space Agency; Gaia Data Processing and Analysis Consortium. Online},
    year = 2022,
    month = jun,
    eid = {15},
    pages = {15},
    adsurl = {https://ui.adsabs.harvard.edu/abs/2022gdr3.reptE..15M},
    adsnote = {Provided by the SAO/NASA Astrophysics Data System}
}
@ARTICLE{2023AJ....165..182K,
	author = {{Kounkel}, Marina and {Stassun}, Keivan G. and {Hillenbrand}, Lynne A. and {Hern{\'a}ndez}, Jes{\'u}s and {Serna}, Javier and {Curtis}, Jason Lee},
	title = "{Measurement of the Angular Momenta of Pre-main-sequence Stars: Early Evolution of Slow and Fast Rotators and Empirical Constraints on Spin-down Torque Mechanisms}",
	journal = {\aj},
	keywords = {Stellar rotation, Young stellar objects, Early stellar evolution, Inclination, Binary stars, 1629, 1834, 434, 780, 154, Astrophysics - Solar and Stellar Astrophysics},
	year = 2023,
	month = apr,
	volume = {165},
	number = {4},
	eid = {182},
	pages = {182},
	doi = {10.3847/1538-3881/acc2bd},
	archivePrefix = {arXiv},
	eprint = {2303.04834},
	primaryClass = {astro-ph.SR},
	adsurl = {https://ui.adsabs.harvard.edu/abs/2023AJ....165..182K},
	adsnote = {Provided by the SAO/NASA Astrophysics Data System}
}


@ARTICLE{2020AJ....160..279K,
	author = {{Kounkel}, Marina and {Covey}, Kevin and {Stassun}, Keivan G.},
	title = "{Untangling the Galaxy. II. Structure within 3 kpc}",
	journal = {\aj},
	keywords = {Milky Way dynamics, Galaxy structure, Stellar kinematics, Star clusters, Stellar associations, Stellar ages, 1051, 622, 1608, 1567, 1582, 1581, Astrophysics - Astrophysics of Galaxies, Astrophysics - Solar and Stellar Astrophysics},
	year = 2020,
	month = dec,
	volume = {160},
	number = {6},
	eid = {279},
	pages = {279},
	doi = {10.3847/1538-3881/abc0e6},
	archivePrefix = {arXiv},
	eprint = {2004.07261},
	primaryClass = {astro-ph.GA},
	adsurl = {https://ui.adsabs.harvard.edu/abs/2020AJ....160..279K},
	adsnote = {Provided by the SAO/NASA Astrophysics Data System}
}
@ARTICLE{2021AJ....162..282M,
	author = {{McBride}, Aidan and {Lingg}, Ryan and {Kounkel}, Marina and {Covey}, Kevin and {Hutchinson}, Brian},
	title = "{Untangling the Galaxy. III. Photometric Search for Pre-main-sequence Stars with Deep Learning}",
	journal = {\aj},
	keywords = {1290, 1834, 1938, 658, 1509, Astrophysics - Solar and Stellar Astrophysics, Astrophysics - Astrophysics of Galaxies},
	year = 2021,
	month = dec,
	volume = {162},
	number = {6},
	eid = {282},
	pages = {282},
	doi = {10.3847/1538-3881/ac2432},
	archivePrefix = {arXiv},
	eprint = {2012.10463},
	primaryClass = {astro-ph.SR},
	adsurl = {https://ui.adsabs.harvard.edu/abs/2021AJ....162..282M},
	adsnote = {Provided by the SAO/NASA Astrophysics Data System}
}


@BOOK{rybicki_radiative_1986,
	author = {{Rybicki}, G.~B. and {Lightman}, A.~P.},
	title = "{Radiative Processes in Astrophysics}",
	booktitle = {Radiative Processes in Astrophysics, by George B.~Rybicki, Alan P.~Lightman, pp.~400.~ISBN 0-471-82759-2.~Wiley-VCH , June 1986.},
	year = 1986,
	month = jun,
	adsurl = {http://esoads.eso.org/abs/1986rpa..book.....R},
	adsnote = {Provided by the SAO/NASA Astrophysics Data System}
}

@ARTICLE{hubble_expansion_1929,
	author = {{Hubble}, E.},
	title = "{A Relation between Distance and Radial Velocity among Extra-Galactic Nebulae}",
	journal = {Proceedings of the National Academy of Science},
	year = 1929,
	month = mar,
	volume = 15,
	pages = {168-173},
	doi = {10.1073/pnas.15.3.168},
	adsurl = {http://esoads.eso.org/abs/1929PNAS...15..168H},
	adsnote = {Provided by the SAO/NASA Astrophysics Data System}
}

@ARTICLE{penzias_cmb_1965,
	author = {{Penzias}, A.~A. and {Wilson}, R.~W.},
	title = "{A Measurement of Excess Antenna Temperature at 4080 Mc/s.}",
	journal = {\apj},
	keywords = {Microwave Background, Cosmic Background Radiation},
	year = 1965,
	month = jul,
	volume = 142,
	pages = {419-421},
	doi = {10.1086/148307},
	adsurl = {http://esoads.eso.org/abs/1965ApJ...142..419P},
	adsnote = {Provided by the SAO/NASA Astrophysics Data System}
}

@ARTICLE{penzias_cmb_II_1965,
	author = {{Penzias}, A.~A. and {Wilson}, R.~W.},
	title = "{A Measurement of Excess Antenna Temperature at 4080 Mc/s. FALSE}",
	journal = {\apj},
	keywords = {Microwave Background, Cosmic Background Radiation},
	year = 1965,
	month = Jun,
	volume = 142,
	pages = {419-421},
	doi = {10.1086/148307},
	adsurl = {http://esoads.eso.org/abs/1965ApJ...142..419P},
	adsnote = {Provided by the SAO/NASA Astrophysics Data System}
}


@ARTICLE{navarro_NFW_1997,
	author = {{Navarro}, J.~F. and {Frenk}, C.~S. and {White}, S.~D.~M.},
	title = "{A Universal Density Profile from Hierarchical Clustering}",
	journal = {ApJ},
	eprint = {arXiv:astro-ph/9611107},
	keywords = {COSMOLOGY: THEORY, COSMOLOGY: DARK MATTER, GALAXIES: HALOS, METHODS: NUMERICAL},
	year = 1997,
	month = dec,
	volume = 490,
	pages = {493},
	doi = {10.1086/304888},
	adsurl = {http://esoads.eso.org/abs/1997ApJ...490..493N},
	adsnote = {Provided by the SAO/NASA Astrophysics Data System}
}

@ARTICLE{riess_SN1a_1998,
	
	author = {{Riess}, A.~G. and {Filippenko}, A.~V. and {Challis}, P.
	and {Clocchiatti}, A. and {Diercks}, A. and {Garnavich}, P.~M.
	and {Gilliland}, R.~L. and {Hogan}, C.~J. and {Jha}, S.},        
	title = "{Observational Evidence from Supernovae for an Accelerating Universe and a Cosmological Constant}",
	journal = {\aj},
	eprint = {arXiv:astro-ph/9805201},
	keywords = {COSMOLOGY: OBSERVATIONS, STARS: SUPERNOVAE: GENERAL},
	year = 1998,
	month = sep,
	volume = 116,
	pages = {1009-1038},
	doi = {10.1086/300499},
	adsurl = {http://esoads.eso.org/abs/1998AJ....116.1009R},
	adsnote = {Provided by the SAO/NASA Astrophysics Data System}
}

@ARTICLE{Planck_2016,
	author = {{Planck Collaboration} and {Ade}, P.~A.~R. and {Aghanim}, N. and
	{Arnaud}, M. and {Ashdown}, M. and {Aumont}, J. and
	{Baccigalupi}, C. and {Banday}, A.~J. and {Barreiro}, R.~B. and
	{Bartlett}, J.~G. and {Bartolo}, N. and {Battaner}, E. and
	{Battye}, R. and {Benabed}, K. and {Benoit}, A. and
	{Benoit}, A. and {Bernard}, J. -P. and {Bersanelli}, M.},
	title = "{Planck 2015 results. XIII. Cosmological parameters}",
	journal = {\aap},
	keywords = {cosmology: observations, cosmology: theory, cosmic background radiation,
	cosmological parameters, Astrophysics - Cosmology and
	Nongalactic Astrophysics},
	year = 2016,
	month = Sep,
	volume = {594},
	eid = {A13},
	pages = {A13},
	doi = {10.1051/0004-6361/201525830},
	primaryClass = {astro-ph.CO},
	adsurl = {https://ui.adsabs.harvard.edu/#abs/2016A&A...594A..13P},
	adsnote = {Provided by the SAO/NASA Astrophysics Data System}
}

@ARTICLE{Hough_etal_BAAA_2020,
	author = {{Hough}, T. and {Gurung-L{\'o}pez}, S. and {Orsi}, 'A. and {Cora}, S.~A.},
	title = "{Emission line galaxies around protoclusters in a galaxy formation model}",
	journal = {Bolet\'in de la Asociacion Argentina de Astronomia},
	keywords = {galaxies: clusters: general, galaxies: high-redshift, intergalactic medium},
	year = 2020,
	month = jul,
	volume = {61B},
	pages = {174-176},
	adsurl = {https://ui.adsabs.harvard.edu/abs/2020BAAA...61B.174H},
	adsnote = {Provided by the SAO/NASA Astrophysics Data System}
}
@ARTICLE{1930LicOB..14..154T,
	author = {{Trumpler}, Robert Julius},
	title = "{Preliminary results on the distances, dimensions and space distribution of open star clusters}",
	journal = {Lick Observatory Bulletin},
	keywords = {STARS: OPEN CLUSTERS, STARS: DISTRIBUTION},
	year = 1930,
	month = jan,
	volume = {420},
	pages = {154-188},
	doi = {10.5479/ADS/bib/1930LicOB.14.154T},
	adsurl = {https://ui.adsabs.harvard.edu/abs/1930LicOB..14..154T},
	adsnote = {Provided by the SAO/NASA Astrophysics Data System}
}
@ARTICLE{2023MNRAS.526.4107P,
	author = {{Perren}, Gabriel I. and {Pera}, Mar{\'\i}a S. and {Navone}, Hugo D. and {V{\'a}zquez}, Rub{\'e}n A.},
	title = "{The Unified Cluster Catalogue: towards a comprehensive and homogeneous data base of stellar clusters}",
	journal = {\mnras},
	keywords = {methods: data analysis, catalogues, open clusters and associations: general, Astrophysics - Astrophysics of Galaxies},
	year = 2023,
	month = dec,
	volume = {526},
	number = {3},
	pages = {4107-4119},
	doi = {10.1093/mnras/stad2826},
	archivePrefix = {arXiv},
	eprint = {2308.04546},
	primaryClass = {astro-ph.GA},
	adsurl = {https://ui.adsabs.harvard.edu/abs/2023MNRAS.526.4107P},
	adsnote = {Provided by the SAO/NASA Astrophysics Data System}
}
@ARTICLE{2005A&A...431..943B,
	author = {{Bica}, E. and {Bonatto}, C.},
	title = "{Proper motion measurements as indicators of binarity in open clusters}",
	journal = {\aap},
	keywords = {Galaxy: open clusters and associations: general, Astrophysics},
	year = 2005,
	month = mar,
	volume = {431},
	number = {3},
	pages = {943-951},
	doi = {10.1051/0004-6361:20042023},
	archivePrefix = {arXiv},
	eprint = {astro-ph/0502451},
	primaryClass = {astro-ph},
	adsurl = {https://ui.adsabs.harvard.edu/abs/2005A&A...431..943B},
	adsnote = {Provided by the SAO/NASA Astrophysics Data System}
}


@book{Wiecki,
	title={pymc-devs/pymc: v5.5.0},
	url={https://zenodo.org/record/4603970},
	DOI={10.5281/ZENODO.4603970},
	publisher={Zenodo},
	author={Wiecki, Thomas and Salvatier, John and Vieira, Ricardo and Kochurov, Maxim and Patil, Anand and Osthege, Michael and Willard, Brandon T. and Engels, Bill and Carroll, Colin and Martin, Osvaldo A and Seyboldt, Adrian and Rochford, Austin and Paz, Luciano and Rpgoldman and Meyer, Kyle and Coyle, Peadar and Gorelli, Marco Edward and Abril-Pla, Oriol and Ravin Kumar and Junpeng Lao and Andreani, Virgile and Yoshioka, Taku and Ho, George and Kluyver, Thomas and Beauchamp, Kyle and Andorra, Alexandre and Demetri Pananos and Spaak, Eelke and Edwards, Benjamin and Ma, Eric},
	year={2023}, 
	month={Jun} 
}
@ARTICLE{2015A&A...576A...6P,
	author = {{Perren}, G.~I. and {V{\'a}zquez}, R.~A. and {Piatti}, A.~E.},
	title = "{ASteCA: Automated Stellar Cluster Analysis}",
	journal = {\aap},
	keywords = {methods: statistical, galaxies: star clusters: general, open clusters and associations: general, techniques: photometric, Astrophysics - Astrophysics of Galaxies, Astrophysics - Solar and Stellar Astrophysics},
	year = 2015,
	month = apr,
	volume = {576},
	eid = {A6},
	pages = {A6},
	doi = {10.1051/0004-6361/201424946},
	archivePrefix = {arXiv},
	eprint = {1412.2366},
	primaryClass = {astro-ph.GA},
	adsurl = {https://ui.adsabs.harvard.edu/abs/2015A&A...576A...6P},
	adsnote = {Provided by the SAO/NASA Astrophysics Data System}
}
@ARTICLE{2021AJ....161..147B,
	author = {{Bailer-Jones}, C.~A.~L. and {Rybizki}, J. and {Fouesneau}, M. and {Demleitner}, M. and {Andrae}, R.},
	title = "{Estimating Distances from Parallaxes. V. Geometric and Photogeometric Distances to 1.47 Billion Stars in Gaia Early Data Release 3}",
	journal = {\aj},
	keywords = {Catalogs, Galaxy structure, Bayesian statistics, Parallax, Stellar parallax, Photometric parallax, Distance indicators, Astrometry, Markov chain Monte Carlo, Absolute magnitude, 205, 622, 1900, 1197, 1618, 1231, 394, 80, 1889, 10, Astrophysics - Solar and Stellar Astrophysics, Astrophysics - Astrophysics of Galaxies},
	year = 2021,
	month = mar,
	volume = {161},
	number = {3},
	eid = {147},
	pages = {147},
	doi = {10.3847/1538-3881/abd806},
	archivePrefix = {arXiv},
	eprint = {2012.05220},
	primaryClass = {astro-ph.SR},
	adsurl = {https://ui.adsabs.harvard.edu/abs/2021AJ....161..147B},
	adsnote = {Provided by the SAO/NASA Astrophysics Data System}
}

@article{phan2019composable,
	
	title={Composable Effects for Flexible and Accelerated Probabilistic Programming in NumPyro},
	
	author={Phan, Du and Pradhan, Neeraj and Jankowiak, Martin},
	
	journal={arXiv preprint arXiv:1912.11554},
	
	year={2019}
	
}
@ARTICLE{1962AJ.....67..471K,
	author = {{King}, Ivan},
	title = "{The structure of star clusters. I. an empirical density law}",
	journal = {\aj},
	year = 1962,
	month = oct,
	volume = {67},
	pages = {471},
	doi = {10.1086/108756},
	adsurl = {https://ui.adsabs.harvard.edu/abs/1962AJ.....67..471K},
	adsnote = {Provided by the SAO/NASA Astrophysics Data System}
}


@ARTICLE{2015PASP..127..994B,
	author = {{Bailer-Jones}, Coryn A.~L.},
	title = "{Estimating Distances from Parallaxes}",
	journal = {\pasp},
	keywords = {Astrophysics - Instrumentation and Methods for Astrophysics, Astrophysics - Astrophysics of Galaxies, Astrophysics - Solar and Stellar Astrophysics},
	year = 2015,
	month = oct,
	volume = {127},
	number = {956},
	pages = {994},
	doi = {10.1086/683116},
	archivePrefix = {arXiv},
	eprint = {1507.02105},
	primaryClass = {astro-ph.IM},
	adsurl = {https://ui.adsabs.harvard.edu/abs/2015PASP..127..994B},
	adsnote = {Provided by the SAO/NASA Astrophysics Data System}
}

@ARTICLE{2021A&A...646A.104H,
	author = {{Hunt}, Emily L. and {Reffert}, Sabine},
	title = "{Improving the open cluster census. I. Comparison of clustering algorithms applied to Gaia DR2 data}",
	journal = {\aap},
	keywords = {methods: data analysis, open clusters and associations: general, astrometry, Astrophysics - Astrophysics of Galaxies, Astrophysics - Solar and Stellar Astrophysics},
	year = 2021,
	month = feb,
	volume = {646},
	eid = {A104},
	pages = {A104},
	doi = {10.1051/0004-6361/202039341},
	archivePrefix = {arXiv},
	eprint = {2012.04267},
	primaryClass = {astro-ph.GA},
	adsurl = {https://ui.adsabs.harvard.edu/abs/2021A&A...646A.104H},
	adsnote = {Provided by the SAO/NASA Astrophysics Data System}
}

@ARTICLE{1930PASP...42..342T,
	author = {{}, Robert J.},
	title = "{A New Double-Line Spectroscopic Binary}",
	journal = {\pasp},
	year = 1930,
	month = dec,
	volume = {42},
	number = {250},
	pages = {342},
	doi = {10.1086/124068},
	adsurl = {https://ui.adsabs.harvard.edu/abs/1930PASP...42..342T},
	adsnote = {Provided by the SAO/NASA Astrophysics Data System}
}
@INCOLLECTION{2008hsf2.book..497R,
       author = {{Rauw}, G. and {De Becker}, M.},
        title = "{The Multiwavelength Picture of Star Formation in the Very Young Open Cluster NGC 6383}",
     keywords = {Astrophysics},
    booktitle = {Handbook of Star Forming Regions, Volume II},
         year = 2008,
       editor = {{Reipurth}, B.},
       volume = {5},
        pages = {497},
          doi = {10.48550/arXiv.0808.3887},
       adsurl = {https://ui.adsabs.harvard.edu/abs/2008hsf2.book..497R},
      adsnote = {Provided by the SAO/NASA Astrophysics Data System}
}
@ARTICLE{2020A&A...633A..99C,
	author = {{Cantat-Gaudin}, T. and {Anders}, F.},
	title = "{Clusters and mirages: cataloguing stellar aggregates in the Milky Way}",
	journal = {\aap},
	keywords = {open clusters and associations: general, Galaxy: stellar content, Astrophysics - Solar and Stellar Astrophysics, Astrophysics - Astrophysics of Galaxies},
	year = 2020,
	month = jan,
	volume = {633},
	eid = {A99},
	pages = {A99},
	doi = {10.1051/0004-6361/201936691},
	archivePrefix = {arXiv},
	eprint = {1911.07075},
	primaryClass = {astro-ph.SR},
	adsurl = {https://ui.adsabs.harvard.edu/abs/2020A&A...633A..99C},
	adsnote = {Provided by the SAO/NASA Astrophysics Data System}
}
@ARTICLE{2017A&A...600A.106C,
	author = {{Conrad}, C. and {Scholz}, R. -D. and {Kharchenko}, N.~V. and {Piskunov}, A.~E. and {R{\"o}ser}, S. and {Schilbach}, E. and {de Jong}, R.~S. and {Schnurr}, O. and {Steinmetz}, M. and {Grebel}, E.~K. and {Zwitter}, T. and {Bienaym{\'e}}, O. and {Bland-Hawthorn}, J. and {Gibson}, B.~K. and {Gilmore}, G. and {Kordopatis}, G. and {Kunder}, A. and {Navarro}, J.~F. and {Parker}, Q. and {Reid}, W. and {Seabroke}, G. and {Siviero}, A. and {Watson}, F. and {Wyse}, R.},
	title = "{A RAVE investigation on Galactic open clusters . II. Open cluster pairs, groups and complexes}",
	journal = {\aap},
	keywords = {open clusters and associations: general, stars: kinematics and dynamics, Galaxy: kinematics and dynamics, stars: abundances, solar neighborhood},
	year = 2017,
	month = apr,
	volume = {600},
	eid = {A106},
	pages = {A106},
	doi = {10.1051/0004-6361/201630012},
	adsurl = {https://ui.adsabs.harvard.edu/abs/2017A&A...600A.106C},
	adsnote = {Provided by the SAO/NASA Astrophysics Data System}
}
@ARTICLE{2013A&A...560A..76M,
	author = {{Morales}, Esteban F.~E. and {Wyrowski}, Friedrich and {Schuller}, Frederic and {Menten}, Karl M.},
	title = "{Stellar clusters in the inner Galaxy and their correlation with cold dust emission}",
	journal = {\aap},
	keywords = {open clusters and associations: general, Galaxy: disk, Galaxy: stellar content, submillimeter: ISM, stars: formation, catalogs, Astrophysics - Astrophysics of Galaxies},
	year = 2013,
	month = dec,
	volume = {560},
	eid = {A76},
	pages = {A76},
	doi = {10.1051/0004-6361/201321626},
	archivePrefix = {arXiv},
	eprint = {1310.2612},
	primaryClass = {astro-ph.GA},
	adsurl = {https://ui.adsabs.harvard.edu/abs/2013A&A...560A..76M},
	adsnote = {Provided by the SAO/NASA Astrophysics Data System}
}
@ARTICLE{1961RGOB...27...61E,
	author = {{Eggen}, Olin J.},
	title = "{Three-colour photometry in the southern hemisphere : NGC 6383, NGC 6405 and standard stars}",
	journal = {Royal Greenwich Observatory Bulletins},
	keywords = {SOUTHERN SKY (ASTRONOMY), UBV SYSTEM (ASTRONOMY), STARS: MAGNITUDES},
	year = 1961,
	month = jan,
	volume = {27},
	pages = {61-69},
	adsurl = {https://ui.adsabs.harvard.edu/abs/1961RGOB...27...61E},
	adsnote = {Provided by the SAO/NASA Astrophysics Data System}
}
@ARTICLE{1953AJ.....58...36B,
	author = {{Bok}, Bart J. and {Bester}, Michiel J. and {Wade}, Campbell M.},
	title = "{A search for southern H{\ensuremath{\alpha}} emission regions.}",
	journal = {\aj},
	year = 1953,
	month = mar,
	volume = {58},
	pages = {36},
	doi = {10.1086/106808},
	adsurl = {https://ui.adsabs.harvard.edu/abs/1953AJ.....58...36B},
	adsnote = {Provided by the SAO/NASA Astrophysics Data System}
}
@ARTICLE{1974A&AS...13..315L,
	author = {{Leung}, K.~C.},
	title = "{Binary systems in star clusters. I. V701 SCO}",
	journal = {\aaps},
	year = 1974,
	month = mar,
	volume = {13},
	pages = {315},
	adsurl = {https://ui.adsabs.harvard.edu/abs/1974A&AS...13..315L},
	adsnote = {Provided by the SAO/NASA Astrophysics Data System}
}

@ARTICLE{1977JRASC..71..409F,
	author = {{Fitzgerald}, M.~P. and {Jackson}, P.~D. and {Luiken}, M. and {Grayzeck}, E.~J. and {Moffat}, A.~F.~J.},
	title = "{NGC 6383: a very young open cluster with pre-main-sequence evolution.}",
	journal = {\jrasc},
	year = 1977,
	month = oct,
	volume = {71},
	pages = {409},
	adsurl = {https://ui.adsabs.harvard.edu/abs/1977JRASC..71..409F},
	adsnote = {Provided by the SAO/NASA Astrophysics Data System}
}
@ARTICLE{2001MNRAS.322..231K,
	author = {{Kroupa}, Pavel},
	title = "{On the variation of the initial mass function}",
	journal = {\mnras},
	keywords = {BINARIES: GENERAL, STARS: FORMATION, STARS: KINEMATICS, STARS: LUMINOSITY FUNCTION, MASS FUNCTION, GLOBULAR CLUSTERS: GENERAL, OPEN CLUSTERS AND ASSOCIATIONS: GENERAL, Astrophysics},
	year = 2001,
	month = apr,
	volume = {322},
	number = {2},
	pages = {231-246},
	doi = {10.1046/j.1365-8711.2001.04022.x},
	archivePrefix = {arXiv},
	eprint = {astro-ph/0009005},
	primaryClass = {astro-ph},
	adsurl = {https://ui.adsabs.harvard.edu/abs/2001MNRAS.322..231K},
	adsnote = {Provided by the SAO/NASA Astrophysics Data System}
}

@ARTICLE{2002Sci...295...82K,
	author = {{Kroupa}, Pavel},
	title = "{The Initial Mass Function of Stars: Evidence for Uniformity in Variable Systems}",
	journal = {Science},
	keywords = {ASTRONOMY, Astrophysics},
	year = 2002,
	month = jan,
	volume = {295},
	number = {5552},
	pages = {82-91},
	doi = {10.1126/science.1067524},
	archivePrefix = {arXiv},
	eprint = {astro-ph/0201098},
	primaryClass = {astro-ph},
	adsurl = {https://ui.adsabs.harvard.edu/abs/2002Sci...295...82K},
	adsnote = {Provided by the SAO/NASA Astrophysics Data System}
}


@ARTICLE{2012MNRAS.427..127B,
	author = {{Bressan}, Alessandro and {Marigo}, Paola and {Girardi}, L{\'e}o. and {Salasnich}, Bernardo and {Dal Cero}, Claudia and {Rubele}, Stefano and {Nanni}, Ambra},
	title = "{PARSEC: stellar tracks and isochrones with the PAdova and TRieste Stellar Evolution Code}",
	journal = {\mnras},
	keywords = {stars: evolution, Hertzsprung{\ensuremath{-}}Russell and colour magnitude diagrams, stars: interiors, stars: low-mass, Astrophysics - Solar and Stellar Astrophysics},
	year = 2012,
	month = nov,
	volume = {427},
	number = {1},
	pages = {127-145},
	doi = {10.1111/j.1365-2966.2012.21948.x},
	archivePrefix = {arXiv},
	eprint = {1208.4498},
	primaryClass = {astro-ph.SR},
	adsurl = {https://ui.adsabs.harvard.edu/abs/2012MNRAS.427..127B},
	adsnote = {Provided by the SAO/NASA Astrophysics Data System}
}

@ARTICLE{2014MNRAS.445.4287T,
	author = {{Tang}, Jing and {Bressan}, Alessandro and {Rosenfield}, Philip and {Slemer}, Alessandra and {Marigo}, Paola and {Girardi}, L{\'e}o and {Bianchi}, Luciana},
	title = "{New PARSEC evolutionary tracks of massive stars at low metallicity: testing canonical stellar evolution in nearby star-forming dwarf galaxies}",
	journal = {\mnras},
	keywords = {stars: evolution, Hertzsprung-Russell and colour-magnitude diagrams, stars: interiors, stars: massive, Astrophysics - Solar and Stellar Astrophysics},
	year = 2014,
	month = dec,
	volume = {445},
	number = {4},
	pages = {4287-4305},
	doi = {10.1093/mnras/stu2029},
	archivePrefix = {arXiv},
	eprint = {1410.1745},
	primaryClass = {astro-ph.SR},
	adsurl = {https://ui.adsabs.harvard.edu/abs/2014MNRAS.445.4287T},
	adsnote = {Provided by the SAO/NASA Astrophysics Data System}
}


@article{scikit-learn,
	title={Scikit-learn: Machine Learning in {P}ython},
	author={Pedregosa, F. and Varoquaux, G. and Gramfort, A. and Michel, V.
	and Thirion, B. and Grisel, O. and Blondel, M. and Prettenhofer, P.
	and Weiss, R. and Dubourg, V. and Vanderplas, J. and Passos, A. and
	Cournapeau, D. and Brucher, M. and Perrot, M. and Duchesnay, E.},
	journal={Journal of Machine Learning Research},
	volume={12},
	pages={2825--2830},
	year={2011}
}
@ARTICLE{2019MNRAS.484.5102K,
	author = {{Kalari}, V.~M.},
	title = "{Classical T-Tauri stars with VPHAS+: II: NGC 6383 in Sh 2-012}",
	journal = {\mnras},
	keywords = {accretion, accretion discs, stars: pre-main sequence, stars: variables: T Tauri, open clusters and associations: individual: Sh 2-012, open clusters and associations: individual: NGC 6383, Astrophysics - Solar and Stellar Astrophysics},
	year = 2019,
	month = apr,
	volume = {484},
	number = {4},
	pages = {5102-5112},
	doi = {10.1093/mnras/stz250},
	archivePrefix = {arXiv},
	eprint = {1901.07511},
	primaryClass = {astro-ph.SR},
	adsurl = {https://ui.adsabs.harvard.edu/abs/2019MNRAS.484.5102K},
	adsnote = {Provided by the SAO/NASA Astrophysics Data System}
}
@ARTICLE{2018A&A...616A...9L,
	author = {{Luri}, X. and {Brown}, A.~G.~A. and {Sarro}, L.~M. and {Arenou}, F. and {Bailer-Jones}, C.~A.~L. and {Castro-Ginard}, A. and {de Bruijne}, J. and {Prusti}, T. and {Babusiaux}, C. and {Delgado}, H.~E.},
	title = "{Gaia Data Release 2. Using Gaia parallaxes}",
	journal = {\aap},
	keywords = {astrometry, parallaxes, methods: data analysis, methods: statistical, catalogs, Astrophysics - Instrumentation and Methods for Astrophysics},
	year = 2018,
	month = aug,
	volume = {616},
	eid = {A9},
	pages = {A9},
	doi = {10.1051/0004-6361/201832964},
	archivePrefix = {arXiv},
	eprint = {1804.09376},
	primaryClass = {astro-ph.IM},
	adsurl = {https://ui.adsabs.harvard.edu/abs/2018A&A...616A...9L},
	adsnote = {Provided by the SAO/NASA Astrophysics Data System}
}
@ARTICLE{1931AnLun...2....1C,
	author = {{Collinder}, Per},
	title = "{On Structural Properties of Open Galactic Clusters and their Spatial Distribution. Catalog of Open Galactic Clusters.}",
	journal = {Annals of the Observatory of Lund},
	year = 1931,
	month = jan,
	volume = {2},
	pages = {B1-B46},
	adsurl = {https://ui.adsabs.harvard.edu/abs/1931AnLun...2....1C},
	adsnote = {Provided by the SAO/NASA Astrophysics Data System}
}
@ARTICLE{2014ApJ...796...75C,
	author = {{Chabrier}, Gilles and {Hennebelle}, Patrick and {Charlot}, St{\'e}phane},
	title = "{Variations of the Stellar Initial Mass Function in the Progenitors of Massive Early-type Galaxies and in Extreme Starburst Environments}",
	journal = {\apj},
	keywords = {galaxies: evolution, galaxies: stellar content, ISM: clouds, stars: formation, turbulence, Astrophysics - Astrophysics of Galaxies},
	year = 2014,
	month = dec,
	volume = {796},
	number = {2},
	eid = {75},
	pages = {75},
	doi = {10.1088/0004-637X/796/2/75},
	archivePrefix = {arXiv},
	eprint = {1409.8466},
	primaryClass = {astro-ph.GA},
	adsurl = {https://ui.adsabs.harvard.edu/abs/2014ApJ...796...75C},
	adsnote = {Provided by the SAO/NASA Astrophysics Data System}
}


@ARTICLE{1937LicOB..18...89Z,
	author = {{Zug}, Richard Seth},
	title = "{Color excess in three open clusters in Sagittarius}",
	journal = {Lick Observatory Bulletin},
	keywords = {STARS: OPEN CLUSTERS, STARS: COLOR},
	year = 1937,
	month = jan,
	volume = {489},
	pages = {89-91},
	doi = {10.5479/ADS/bib/1937LicOB.18.89Z},
	adsurl = {https://ui.adsabs.harvard.edu/abs/1937LicOB..18...89Z},
	adsnote = {Provided by the SAO/NASA Astrophysics Data System}
}
@ARTICLE{2022ApJS..262....7H,
	author = {{He}, Zhihong and {Wang}, Kun and {Luo}, Yangping and {Li}, Jing and {Liu}, Xiaochen and {Jiang}, Qingquan},
	title = "{A Blind All-sky Search for Star Clusters in Gaia EDR3: 886 Clusters within 1.2 kpc of the Sun}",
	journal = {\apjs},
	keywords = {Open star clusters, Star clusters, 1160, 1567, Astrophysics - Astrophysics of Galaxies},
	year = 2022,
	month = sep,
	volume = {262},
	number = {1},
	eid = {7},
	pages = {7},
	doi = {10.3847/1538-4365/ac7c17},
	archivePrefix = {arXiv},
	eprint = {2206.12170},
	primaryClass = {astro-ph.GA},
	adsurl = {https://ui.adsabs.harvard.edu/abs/2022ApJS..262....7H},
	adsnote = {Provided by the SAO/NASA Astrophysics Data System}
}

@ARTICLE{2021ApJ...923..129J,
	author = {{Jaehnig}, Karl and {Bird}, Jonathan and {Holley-Bockelmann}, Kelly},
	title = "{Membership Lists for 431 Open Clusters in Gaia DR2 Using Extreme Deconvolution Gaussian Mixture Models}",
	journal = {\apj},
	keywords = {1858, 1160, 80, Astrophysics - Astrophysics of Galaxies},
	year = 2021,
	month = dec,
	volume = {923},
	number = {1},
	eid = {129},
	pages = {129},
	doi = {10.3847/1538-4357/ac1d51},
	archivePrefix = {arXiv},
	eprint = {2108.02783},
	primaryClass = {astro-ph.GA},
	adsurl = {https://ui.adsabs.harvard.edu/abs/2021ApJ...923..129J},
	adsnote = {Provided by the SAO/NASA Astrophysics Data System}
}


@ARTICLE{2018AA...610A..30A,
	author = {{Aidelman}, Y. and {Cidale}, L.~S. and {Zorec}, J. and {Panei}, J.~A.},
	title = "{Open clusters. III. Fundamental parameters of B stars in NGC 6087, NGC 6250, NGC 6383, and NGC 6530 B-type stars with circumstellar envelopes}",
	journal = {\aap},
	keywords = {open clusters and associations: individual: NGC 6087, open clusters and associations: individual: NGC 6250, open clusters and associations: individual: NGC 6383, open clusters and associations: individual: NGC 6530, stars: fundamental parameters, stars: emission-line, Astrophysics - Solar and Stellar Astrophysics},
	year = 2018,
	month = feb,
	volume = {610},
	eid = {A30},
	pages = {A30},
	doi = {10.1051/0004-6361/201730995},
	archivePrefix = {arXiv},
	eprint = {1711.01311},
	primaryClass = {astro-ph.SR},
	adsurl = {https://ui.adsabs.harvard.edu/abs/2018A&A...610A..30A},
	adsnote = {Provided by the SAO/NASA Astrophysics Data System}
}
@ARTICLE{1949ApJ...110..117S,
	author = {{Sanford}, Roscoe F.},
	title = "{Interstellar Calcium Lines in the Spectra of Stars in Open Clusters.}",
	journal = {\apj},
	year = 1949,
	month = sep,
	volume = {110},
	pages = {117},
	doi = {10.1086/145191},
	adsurl = {https://ui.adsabs.harvard.edu/abs/1949ApJ...110..117S},
	adsnote = {Provided by the SAO/NASA Astrophysics Data System}
}

@article{10.1093/mnras/stac3529,
	author = {Leung, Henry W and Bovy, Jo and Mackereth, J Ted and Hunt, Jason A S and Lane, Richard R and Wilson, John C},
	title = "{A measurement of the distance to the Galactic centre using the kinematics of bar stars}",
	journal = {Monthly Notices of the Royal Astronomical Society},
	volume = {519},
	number = {1},
	pages = {948-960},
	year = {2022},
	month = {12},
	abstract = "{The distance to the Galactic centre R0 is a fundamental parameter for understanding the Milky Way, because all observations of our Galaxy are made from our heliocentric reference point. The uncertainty in R0 limits our knowledge of many aspects of the Milky Way, including its total mass and the relative mass of its major components, and any orbital parameters of stars employed in chemo-dynamical analyses. While measurements of R0 have been improving over a century, measurements in the past few years from a variety of methods still find a wide range of R0 being somewhere within 8.0 to \\$8.5\\, \\mathrm\\{kpc\\}\\$. The most precise measurements to date have to assume that Sgr A* is at rest at the Galactic centre, which may not be the case. In this paper, we use maps of the kinematics of stars in the Galactic bar derived from APOGEE DR17 and Gaia EDR3 data augmented with spectrophotometric distances from the astroNN neural-network method. These maps clearly display the minimum in the rotational velocity vT and the quadrupolar signature in radial velocity vR expected for stars orbiting in a bar. From the minimum in vT, we measure \\$R\_0 = 8.23\\pm 0.12\\, \\mathrm\\{kpc\\}\\$. We validate our measurement using realistic N-body simulations of the Milky Way. We further measure the pattern speed of the bar to be \\$\\Omega \_\\mathrm\\{bar\\} = 40.08\\pm 1.78\\, \\mathrm\\{km\\, s\\}^\\{-1\\}\\,\\mathrm\\{kpc\\}^\\{-1\\}\\$. Because the bar forms out of the disc, its centre is manifestly the barycentre of the bar+disc system and our measurement is therefore one of the most robust and accurate measurements of R0 to date.}",
	issn = {0035-8711},
	doi = {10.1093/mnras/stac3529},
	url = {https://doi.org/10.1093/mnras/stac3529},
	eprint = {https://academic.oup.com/mnras/article-pdf/519/1/948/48354297/stac3529.pdf},
}

@ARTICLE{1978MNRAS.182..607F,
	author = {{Fitzgerald}, M.~P. and {Jackson}, P.~D. and {Luiken}, M. and {Grayzeck}, E.~J. and {Moffat}, A.~F.~J.},
	title = "{NGC 6383 - I. The central core.}",
	journal = {\mnras},
	keywords = {Distances:Galactic Clusters, Galactic Clusters:Ages, Galactic Clusters:UBV Photometry},
	year = 1978,
	month = mar,
	volume = {182},
	pages = {607},
	doi = {10.1093/mnras/182.4.607},
	adsurl = {https://ui.adsabs.harvard.edu/abs/1978MNRAS.182..607F},
	adsnote = {Provided by the SAO/NASA Astrophysics Data System}
}

@ARTICLE{1989MNRAS.236..263P,
	author = {{Pandey}, A.~K. and {Bhatt}, B.~C. and {Mahra}, H.~S. and {Sagar}, Ram},
	title = "{Integrated parameters of open clusters.}",
	journal = {\mnras},
	keywords = {Open Clusters, Star Clusters, Magellanic Clouds, Milky Way Galaxy, Stellar Color, Stellar Magnitude, Astrophysics},
	year = 1989,
	month = jan,
	volume = {236},
	pages = {263-276},
	doi = {10.1093/mnras/236.2.263},
	adsurl = {https://ui.adsabs.harvard.edu/abs/1989MNRAS.236..263P},
	adsnote = {Provided by the SAO/NASA Astrophysics Data System}
}

@ARTICLE{1991MNRAS.249...76B,
	author = {{Battinelli}, Paolo and {Capuzzo-Dolcetta}, Roberto},
	title = "{Formation and evolutionary properties of the galactic open cluster system.}",
	journal = {\mnras},
	keywords = {Galactic Evolution, Molecular Clouds, Open Clusters, Star Formation, Astronomical Catalogs, Solar Neighborhood, Star Formation Rate, Stellar Luminosity, Astrophysics},
	year = 1991,
	month = mar,
	volume = {249},
	pages = {76},
	doi = {10.1093/mnras/249.1.76},
	adsurl = {https://ui.adsabs.harvard.edu/abs/1991MNRAS.249...76B},
	adsnote = {Provided by the SAO/NASA Astrophysics Data System}
}
@ARTICLE{2008AA...477..165P,
	author = {{Piskunov}, A.~E. and {Schilbach}, E. and {Kharchenko}, N.~V. and {R{\"o}ser}, S. and {Scholz}, R. -D.},
	title = "{Tidal radii and masses of open clusters}",
	journal = {\aap},
	keywords = {Galaxy: open clusters and associations: general, solar neighborhood, Galaxy: stellar content},
	year = 2008,
	month = jan,
	volume = {477},
	number = {1},
	pages = {165-172},
	doi = {10.1051/0004-6361:20078525},
	adsurl = {https://ui.adsabs.harvard.edu/abs/2008A&A...477..165P},
	adsnote = {Provided by the SAO/NASA Astrophysics Data System}
}

@ARTICLE{2005AA...438.1163K,
	author = {{Kharchenko}, N.~V. and {Piskunov}, A.~E. and {R{\"o}ser}, S. and {Schilbach}, E. and {Scholz}, R. -D.},
	title = "{Astrophysical parameters of Galactic open clusters}",
	journal = {\aap},
	keywords = {techniques: photometric, catalogs, astrometry, stars: kinematics, open clusters and associations: general, Galaxy: stellar content, Astrophysics},
	year = 2005,
	month = aug,
	volume = {438},
	number = {3},
	pages = {1163-1173},
	doi = {10.1051/0004-6361:20042523},
	archivePrefix = {arXiv},
	eprint = {astro-ph/0501674},
	primaryClass = {astro-ph},
	adsurl = {https://ui.adsabs.harvard.edu/abs/2005A&A...438.1163K},
	adsnote = {Provided by the SAO/NASA Astrophysics Data System}
}
@ARTICLE{2007AA...462..157P,
	author = {{Paunzen}, E. and {Netopil}, M. and {Zwintz}, K.},
	title = "{Investigating star formation in the young open cluster NGC 6383}",
	journal = {\aap},
	keywords = {stars: pre-main sequence, stars: early-type, stars: formation, open clusters and associations: individual: NGC 6383, Astrophysics},
	year = 2007,
	month = jan,
	volume = {462},
	number = {1},
	pages = {157-162},
	doi = {10.1051/0004-6361:20065513},
	archivePrefix = {arXiv},
	eprint = {astro-ph/0611304},
	primaryClass = {astro-ph},
	adsurl = {https://ui.adsabs.harvard.edu/abs/2007A&A...462..157P},
	adsnote = {Provided by the SAO/NASA Astrophysics Data System}
}
@ARTICLE{1968ArA.....5....1L,
	author = {{Lindoff}, U.},
	title = "{The ages of open clusters}",
	journal = {Arkiv for Astronomi},
	year = 1968,
	month = jan,
	volume = {5},
	pages = {1-21},
	adsurl = {https://ui.adsabs.harvard.edu/abs/1968ArA.....5....1L},
	adsnote = {Provided by the SAO/NASA Astrophysics Data System}
}

@ARTICLE{1971AAS....4..241B,
	author = {{Becker}, W. and {Fenkart}, R.},
	title = "{A catalogue of galactic star clusters observed in three colours}",
	journal = {\aaps},
	year = 1971,
	month = oct,
	volume = {4},
	pages = {241},
	adsurl = {https://ui.adsabs.harvard.edu/abs/1971A&AS....4..241B},
	adsnote = {Provided by the SAO/NASA Astrophysics Data System}
}

@ARTICLE{1978MNRAS.184..661L,
	author = {{Lloyd Evans}, T.},
	title = "{The open cluster NGC 6383.}",
	journal = {\mnras},
	keywords = {Binary Stars, Open Clusters, Ubv Spectra, Astronomical Photography, Astronomical Spectroscopy, Color-Magnitude Diagram, Interstellar Gas, O Stars, Radial Velocity, Star Distribution, Stellar Magnitude, Variable Stars, Astronomy, Distances:Galactic Clusters, Galactic Clusters:Ages, Galactic Clusters:UBV Photometry, Photometric Standards},
	year = 1978,
	month = sep,
	volume = {184},
	pages = {661-676},
	doi = {10.1093/mnras/184.4.661},
	adsurl = {https://ui.adsabs.harvard.edu/abs/1978MNRAS.184..661L},
	adsnote = {Provided by the SAO/NASA Astrophysics Data System}
}
@ARTICLE{2024arXiv240305143H,
	author = {{Hunt}, Emily L. and {Reffert}, Sabine},
	title = "{Improving the open cluster census. III. Using cluster masses, radii, and dynamics to create a cleaned open cluster catalogue}",
	journal = {arXiv e-prints},
	keywords = {Astrophysics - Astrophysics of Galaxies, Astrophysics - Solar and Stellar Astrophysics},
	year = 2024,
	month = mar,
	eid = {arXiv:2403.05143},
	pages = {arXiv:2403.05143},
	doi = {10.48550/arXiv.2403.05143},
	archivePrefix = {arXiv},
	eprint = {2403.05143},
	primaryClass = {astro-ph.GA},
	adsurl = {https://ui.adsabs.harvard.edu/abs/2024arXiv240305143H},
	adsnote = {Provided by the SAO/NASA Astrophysics Data System}
}

@ARTICLE{1985AA...151..391T,
	author = {{The}, P.~S. and {Hageman}, T. and {Westerlund}, B.~E. and {Tjin-A-Djie}, H.~R.~E.},
	title = "{The spectral energy distribution of stars above the ZAMS in the central part of the open cluster NGC 6383.}",
	journal = {\aap},
	keywords = {Open Clusters, Pre-Main Sequence Stars, Spectral Energy Distribution, Stellar Spectrophotometry, Cosmic Dust, Emission Spectra, Variable Stars, Astrophysics},
	year = 1985,
	month = oct,
	volume = {151},
	pages = {391-398},
	adsurl = {https://ui.adsabs.harvard.edu/abs/1985A&A...151..391T},
	adsnote = {Provided by the SAO/NASA Astrophysics Data System}
}
@ARTICLE{1999AstL...25..595R,
	author = {{Rastorguev}, A.~S. and {Glushkova}, E.~V. and {Dambis}, A.~K. and {Zabolotskikh}, M.~V.},
	title = "{Statistical parallaxes and kinematical parameters of classical Cepheids and young star clusters}",
	journal = {Astronomy Letters},
	year = 1999,
	month = sep,
	volume = {25},
	number = {9},
	pages = {595-607},
	adsurl = {https://ui.adsabs.harvard.edu/abs/1999AstL...25..595R},
	adsnote = {Provided by the SAO/NASA Astrophysics Data System}
}
@ARTICLE{1994RMxAA..29..141F,
	author = {{Feinstein}, A.},
	title = "{The young open clusters in the Galaxy.}",
	journal = {\rmxaa},
	keywords = {Galactic Structure: Open Clusters, Galactic Structure: O Stars, Galactic Structure: Wolf-Rayet Stars, Open Clusters: Wolf-Rayet Stars, Open Clusters: Ages, OPEN CLUSTERS AND ASSOCIATIONS: GENERAL, GALAXY: STRUCTURE STARS: WOLF-RAYET, STARS: EARLY-TYPE},
	year = 1994,
	month = jul,
	volume = {29},
	pages = {141-147},
	adsurl = {https://ui.adsabs.harvard.edu/abs/1994RMxAA..29..141F},
	adsnote = {Provided by the SAO/NASA Astrophysics Data System}
}

@ARTICLE{1954CoBAO..12....3M,
	author = {{Markarian}, B.~E.},
	title = "{On the Evolution of Open Star Clusters}",
	journal = {Communications of the Byurakan Astrophysical Observatory},
	year = 1954,
	month = jan,
	volume = {12},
	pages = {3-22},
	adsurl = {https://ui.adsabs.harvard.edu/abs/1954CoBAO..12....3M},
	adsnote = {Provided by the SAO/NASA Astrophysics Data System}
}
@ARTICLE{1960MNRAS.121..103R,
	author = {{Rodgers}, A.~W. and {Campbell}, C.~T. and {Whiteoak}, J.~B.},
	title = "{A catalogue of H{\ensuremath{\alpha}}-emission regions in the southern Milky Way}",
	journal = {\mnras},
	year = 1960,
	month = jan,
	volume = {121},
	pages = {103},
	doi = {10.1093/mnras/121.1.103},
	adsurl = {https://ui.adsabs.harvard.edu/abs/1960MNRAS.121..103R},
	adsnote = {Provided by the SAO/NASA Astrophysics Data System}
}
@ARTICLE{1965CoBos..32....0T,
	author = {{The}, P. -S.},
	title = "{The colour-magnitude diagram of the galactic cluster NGC 6383.}",
	journal = {Contributions from the Bosscha Observervatory},
	year = 1965,
	month = jan,
	volume = {32},
	pages = {0},
	adsurl = {https://ui.adsabs.harvard.edu/abs/1965CoBos..32....0T},
	adsnote = {Provided by the SAO/NASA Astrophysics Data System}
}


@ARTICLE{1962AJ.....67..491R,
	author = {{Rubin}, V.~C. and {Burley}, J. and {Kiasatpoor}, A. and {Klock}, B. and {Pease}, G. and {Rutscheidt}, E. and {Smith}, C.},
	title = "{Kinematic studies of early-type stars. I. Photometric survey, space motions, and comparison with radio observations.}",
	journal = {\aj},
	year = 1962,
	month = oct,
	volume = {67},
	pages = {491-531},
	doi = {10.1086/108758},
	adsurl = {https://ui.adsabs.harvard.edu/abs/1962AJ.....67..491R},
	adsnote = {Provided by the SAO/NASA Astrophysics Data System}
}

@ARTICLE{1967MNRAS.135..377G,
	author = {{Graham}, J.~A.},
	title = "{Photo-electric H{\ensuremath{\beta}} photometry in seven open clusters and in the Scorpio-Centaurus association}",
	journal = {\mnras},
	year = 1967,
	month = jan,
	volume = {135},
	pages = {377},
	doi = {10.1093/mnras/135.4.377},
	adsurl = {https://ui.adsabs.harvard.edu/abs/1967MNRAS.135..377G},
	adsnote = {Provided by the SAO/NASA Astrophysics Data System}
}

@PHDTHESIS{1968PhDT........29E,
	author = {{Evans}, Thomas Harry Hope Lloyd},
	title = "{Photometry of star clusters}",
	keywords = {Astronomy},
	school = {Saint Andrews University, UK},
	year = 1968,
	month = jan,
	adsurl = {https://ui.adsabs.harvard.edu/abs/1968PhDT........29E},
	adsnote = {Provided by the SAO/NASA Astrophysics Data System}
}

@ARTICLE{1965AJ.....70...19E,
	author = {{Eggen}, O.~J.},
	title = "{Masses, luminosities, colors, and space motions of 228 visual binaries.}",
	journal = {\aj},
	year = 1965,
	month = feb,
	volume = {70},
	pages = {19},
	doi = {10.1086/109676},
	adsurl = {https://ui.adsabs.harvard.edu/abs/1965AJ.....70...19E},
	adsnote = {Provided by the SAO/NASA Astrophysics Data System}
}

@ARTICLE{1948AnLei..20....3P,
	author = {{Plaut}, L.},
	title = "{Estimates of 91 variable stars on Franklin-Adams plates centred at l=325$^{o}$, b=-2$^{o}$, taken by the late Dr. H. van Gent}",
	journal = {Annalen van de Sterrewacht te Leiden},
	keywords = {variable stars, franklin-adams plates},
	year = 1948,
	month = jan,
	volume = {20},
	pages = {3-38},
	adsurl = {https://ui.adsabs.harvard.edu/abs/1948AnLei..20....3P},
	adsnote = {Provided by the SAO/NASA Astrophysics Data System}
}

@INPROCEEDINGS{1939PAAS....9R.233S,
	author = {{Swope}, Henrietta H.},
	title = "{Variable stars near the galactic center}",
	booktitle = {Publications of the American Astronomical Society},
	year = 1939,
	series = {Publications of the American Astronomical Society},
	volume = {9},
	month = jan,
	pages = {233},
	adsurl = {https://ui.adsabs.harvard.edu/abs/1939PAAS....9R.233S},
	adsnote = {Provided by the SAO/NASA Astrophysics Data System}
}
@ARTICLE{1959ApJS....4..257S,
	author = {{Sharpless}, Stewart},
	title = "{A Catalogue of H II Regions.}",
	journal = {\apjs},
	year = 1959,
	month = dec,
	volume = {4},
	pages = {257},
	doi = {10.1086/190049},
	adsurl = {https://ui.adsabs.harvard.edu/abs/1959ApJS....4..257S},
	adsnote = {Provided by the SAO/NASA Astrophysics Data System}
}

@ARTICLE{1967ApJ...150..435D,
	author = {{Dieter}, Nannielou H.},
	title = "{Observations of the Hydrogen Recombination Line 158{\ensuremath{\alpha}} in Galactic H II Regions}",
	journal = {\apj},
	year = 1967,
	month = nov,
	volume = {150},
	pages = {435},
	doi = {10.1086/149347},
	adsurl = {https://ui.adsabs.harvard.edu/abs/1967ApJ...150..435D},
	adsnote = {Provided by the SAO/NASA Astrophysics Data System}
}

@ARTICLE{1970PDDO....4....1H,
	author = {{Hagen}, Gretchen L.},
	title = "{An atlas of open cluster colour-magnitude diagrams}",
	journal = {Publications of the David Dunlap Observatory},
	keywords = {COLOR MAGNITUDE RELATION, ATLASES, OPEN STAR CLUSTERS},
	year = 1970,
	month = jan,
	volume = {4},
	pages = {1-62},
	adsurl = {https://ui.adsabs.harvard.edu/abs/1970PDDO....4....1H},
	adsnote = {Provided by the SAO/NASA Astrophysics Data System}
}

@ARTICLE{1972BAICz..23..126A,
	author = {{Antalov{\'a}}, A.},
	title = "{UBV photographic photometry of stars in the region AR$_{1950}$: 17$^{h}$03$^{m}$ - 17$^{h}$41$^{m}$, Decl$_{1950}$: -28.8{\textdegree} to -33.4{\textdegree}. III. The catalogue and identification maps of open star clusters: NGC 6405, NGC 6383, ``NGC 6374'', AV 2, NGC 6416 and H$_{{\ensuremath{\alpha}}}$ emissions region: GUM 67(Av 3), GUM 68 (Av 2)}",
	journal = {Bulletin of the Astronomical Institutes of Czechoslovakia},
	year = 1972,
	month = jan,
	volume = {23},
	pages = {126},
	adsurl = {https://ui.adsabs.harvard.edu/abs/1972BAICz..23..126A},
	adsnote = {Provided by the SAO/NASA Astrophysics Data System}
}
@ARTICLE{1966CoBos..34....1T,
	author = {{The}, P. -S.},
	title = "{The - New H-alpha emission stars in the region of the OB association SGR III.}",
	journal = {Contributions from the Bosscha Observervatory},
	year = 1966,
	month = jan,
	volume = {34},
	pages = {1},
	adsurl = {https://ui.adsabs.harvard.edu/abs/1966CoBos..34....1T},
	adsnote = {Provided by the SAO/NASA Astrophysics Data System}
}
@ARTICLE{1973AuJPh..26..853T,
	author = {{Tovmassian}, H.~M. and {Nersessian}, S.~E. and {Shahbazian}, E.~T.},
	title = "{Hydrogen content of young stellar clusters. IV. Clusters NGC 6231 6383, 6514, and 6531}",
	journal = {Australian Journal of Physics},
	year = 1973,
	month = dec,
	volume = {26},
	pages = {853},
	doi = {10.1071/PH730853},
	adsurl = {https://ui.adsabs.harvard.edu/abs/1973AuJPh..26..853T},
	adsnote = {Provided by the SAO/NASA Astrophysics Data System}
}

@ARTICLE{1975AA....39..477V,
	author = {{Vogt}, N. and {Moffat}, A.~F.~J.},
	title = "{Galactic structure based on young southern open star clusters.}",
	journal = {\aap},
	year = 1975,
	month = mar,
	volume = {39},
	pages = {477-479},
	adsurl = {https://ui.adsabs.harvard.edu/abs/1975A&A....39..477V},
	adsnote = {Provided by the SAO/NASA Astrophysics Data System}
}
@ARTICLE{1993Obs...113..204S,
	author = {{Stickland}, D.~J. and {Koch}, R.~H. and {Pachoulakis}, I. and {Pfeiffer}, R.~J.},
	title = "{Spectroscopic binary orbits from ultraviolet radial velocities. Paper 12: HD 159176}",
	journal = {The Observatory},
	year = 1993,
	month = aug,
	volume = {113},
	pages = {204-209},
	adsurl = {https://ui.adsabs.harvard.edu/abs/1993Obs...113..204S},
	adsnote = {Provided by the SAO/NASA Astrophysics Data System}
}
@ARTICLE{2000AA...362..580V,
	author = {{van den Ancker}, M.~E. and {Th{\'e}}, P.~S. and {de Winter}, D.},
	title = "{The central part of the young open cluster NGC 6383}",
	journal = {\aap},
	keywords = {STARS: CIRCUMSTELLAR MATTER, STARS: PRE-MAIN SEQUENCE, ISM: DUST, EXTINCTION, ISM: H II REGIONS, GALAXY: OPEN CLUSTERS AND ASSOCIATIONS: INDIVIDUAL: NGC 6383, Astrophysics},
	year = 2000,
	month = oct,
	volume = {362},
	pages = {580-584},
	doi = {10.48550/arXiv.astro-ph/0006283},
	archivePrefix = {arXiv},
	eprint = {astro-ph/0006283},
	primaryClass = {astro-ph},
	adsurl = {https://ui.adsabs.harvard.edu/abs/2000A&A...362..580V},
	adsnote = {Provided by the SAO/NASA Astrophysics Data System}
}

@ARTICLE{2003AA...407..925R,
	author = {{Rauw}, G. and {De Becker}, M. and {Gosset}, E. and {Pittard}, J.~M. and {Stevens}, I.~R.},
	title = "{An XMM-Newton observation of the very young open cluster NGC 6383}",
	journal = {\aap},
	keywords = {stars: pre-main sequence, X-rays: stars, open clusters and associations: individual: NGC 6383, stars: early-type},
	year = 2003,
	month = sep,
	volume = {407},
	pages = {925-934},
	doi = {10.1051/0004-6361:20030910},
	adsurl = {https://ui.adsabs.harvard.edu/abs/2003A&A...407..925R},
	adsnote = {Provided by the SAO/NASA Astrophysics Data System}
}
@article{zwintz_marconi_kallinger_weiss_2004, title={Pulsating pre-Main sequence stars in young open clusters}, volume={2004}, DOI={10.1017/S1743921304004752}, number={IAUS224}, journal={Proceedings of the International Astronomical Union}, publisher={Cambridge University Press},   author = {{Zwintz}, K. and {Marconi}, M. and {Reegen}, P. and {Weiss}, W.~W.}, year={2004}, pages={353–358}}

@ARTICLE{2005MNRAS.357..345Z,
	author = {{Zwintz}, K. and {Marconi}, M. and {Reegen}, P. and {Weiss}, W.~W.},
	title = "{Search for pulsating pre-main-sequence stars in NGC6383}",
	journal = {\mnras},
	keywords = {techniques: photometric, stars: pre-main-sequence, {\ensuremath{\delta}} Scuti, open clusters and associations: individual: NGC 6383, Astrophysics},
	year = 2005,
	month = feb,
	volume = {357},
	number = {1},
	pages = {345-353},
	doi = {10.1111/j.1365-2966.2005.08655.x},
	archivePrefix = {arXiv},
	eprint = {astro-ph/0501210},
	primaryClass = {astro-ph},
	adsurl = {https://ui.adsabs.harvard.edu/abs/2005MNRAS.357..345Z},
	adsnote = {Provided by the SAO/NASA Astrophysics Data System}
}



@ARTICLE{2007ApJ...655..342Z,
	author = {{Zwintz}, Konstanze and {Guenther}, D.~B. and {Weiss}, W.~W.},
	title = "{Nonradial Oscillations on a Pre-Main-Sequence Star}",
	journal = {\apj},
	keywords = {Stars: Evolution, Stars: Oscillations, Stars: Pre-Main-Sequence},
	year = 2007,
	month = jan,
	volume = {655},
	number = {1},
	pages = {342-344},
	doi = {10.1086/509819},
	adsurl = {https://ui.adsabs.harvard.edu/abs/2007ApJ...655..342Z},
	adsnote = {Provided by the SAO/NASA Astrophysics Data System}
}

@ARTICLE{2010AA...511A..25R,
	author = {{Rauw}, G. and {Manfroid}, J. and {De Becker}, M.},
	title = "{A photometric and spectroscopic investigation of star formation in the very young open cluster NGC 6383}",
	journal = {\aap},
	keywords = {stars: pre-main sequence, X-rays: stars, open clusters and associations: individual: NGC 6383, Astrophysics - Solar and Stellar Astrophysics},
	year = 2010,
	month = feb,
	volume = {511},
	eid = {A25},
	pages = {A25},
	doi = {10.1051/0004-6361/200912780},
	archivePrefix = {arXiv},
	eprint = {1001.0696},
	primaryClass = {astro-ph.SR},
	adsurl = {https://ui.adsabs.harvard.edu/abs/2010A&A...511A..25R},
	adsnote = {Provided by the SAO/NASA Astrophysics Data System}
}
@InProceedings{10.1007/978-3-642-37456-2_14,
author="Campello, Ricardo J. G. B.
and Moulavi, Davoud
and Sander, Joerg",
editor="Pei, Jian
and Tseng, Vincent S.
and Cao, Longbing
and Motoda, Hiroshi
and Xu, Guandong",
title="Density-Based Clustering Based on Hierarchical Density Estimates",
booktitle="Advances in Knowledge Discovery and Data Mining",
year="2013",
publisher="Springer Berlin Heidelberg",
address="Berlin, Heidelberg",
pages="160--172",
abstract="We propose a theoretically and practically improved density-based, hierarchical clustering method, providing a clustering hierarchy from which a simplified tree of significant clusters can be constructed. For obtaining a ``flat'' partition consisting of only the most significant clusters (possibly corresponding to different density thresholds), we propose a novel cluster stability measure, formalize the problem of maximizing the overall stability of selected clusters, and formulate an algorithm that computes an optimal solution to this problem. We demonstrate that our approach outperforms the current, state-of-the-art, density-based clustering methods on a wide variety of real world data.",
isbn="978-3-642-37456-2"
}
@ARTICLE{2023MNRAS.519..948L,
	author = {{Leung}, Henry W. and {Bovy}, Jo and {Mackereth}, J. Ted and {Hunt}, Jason A.~S. and {Lane}, Richard R. and {Wilson}, John C.},
	title = "{A measurement of the distance to the Galactic centre using the kinematics of bar stars}",
	journal = {\mnras},
	keywords = {methods: data analysis, techniques: spectroscopic, astrometry, stars: distances, stars: fundamental parameters, Galaxy: structure, Astrophysics - Astrophysics of Galaxies},
	year = 2023,
	month = feb,
	volume = {519},
	number = {1},
	pages = {948-960},
	doi = {10.1093/mnras/stac3529},
	archivePrefix = {arXiv},
	eprint = {2204.12551},
	primaryClass = {astro-ph.GA},
	adsurl = {https://ui.adsabs.harvard.edu/abs/2023MNRAS.519..948L},
	adsnote = {Provided by the SAO/NASA Astrophysics Data System}
}
@article{McInnes2017,
	doi = {10.21105/joss.00205},
	url = {https://doi.org/10.21105%2Fjoss.00205},
	year  = {2017},
	month = {mar},
	publisher = {The Open Journal},
	volume = {2},
	number = {11},
	author = {Leland McInnes and John Healy and Steve Astels},
	title = {hdbscan: Hierarchical density based clustering},
	journal = {The Journal of Open Source Software}
}
@BOOK{2012asas.book.....V,
	author = {{van Altena}, William F.},
	title = "{Astrometry for Astrophysics}",
	year = 2012,
	adsurl = {https://ui.adsabs.harvard.edu/abs/2012asas.book.....V},
	adsnote = {Provided by the SAO/NASA Astrophysics Data System}
}

@article{astropy:2013,
	Adsnote = {Provided by the SAO/NASA Astrophysics Data System},
	Adsurl = {http://adsabs.harvard.edu/abs/2013A%26A...558A..33A},
	Archiveprefix = {arXiv},
	Author = {{Astropy Collaboration} and {Robitaille}, T.~P. and {Tollerud}, E.~J. and {Greenfield}, P. and {Droettboom}, M. and {Bray}, E. and {Aldcroft}, T. and {Davis}, M. and {Ginsburg}, A. and {Price-Whelan}, A.~M. and {Kerzendorf}, W.~E. and {Conley}, A. and {Crighton}, N. and {Barbary}, K. and {Muna}, D. and {Ferguson}, H. and {Grollier}, F. and {Parikh}, M.~M. and {Nair}, P.~H. and {Unther}, H.~M. and {Deil}, C. and {Woillez}, J. and {Conseil}, S. and {Kramer}, R. and {Turner}, J.~E.~H. and {Singer}, L. and {Fox}, R. and {Weaver}, B.~A. and {Zabalza}, V. and {Edwards}, Z.~I. and {Azalee Bostroem}, K. and {Burke}, D.~J. and {Casey}, A.~R. and {Crawford}, S.~M. and {Dencheva}, N. and {Ely}, J. and {Jenness}, T. and {Labrie}, K. and {Lim}, P.~L. and {Pierfederici}, F. and {Pontzen}, A. and {Ptak}, A. and {Refsdal}, B. and {Servillat}, M. and {Streicher}, O.},
	Doi = {10.1051/0004-6361/201322068},
	Eid = {A33},
	Eprint = {1307.6212},
	Journal = {\aap},
	Keywords = {methods: data analysis, methods: miscellaneous, virtual observatory tools},
	Month = oct,
	Pages = {A33},
	Primaryclass = {astro-ph.IM},
	Title = {{Astropy: A community Python package for astronomy}},
	Volume = 558,
	Year = 2013,
	Bdsk-Url-1 = {https://dx.doi.org/10.1051/0004-6361/201322068}}

@ARTICLE{astropy:2018,
	author = {{Astropy Collaboration} and {Price-Whelan}, A.~M. and
	{Sip{\H{o}}cz}, B.~M. and {G{\"u}nther}, H.~M. and {Lim}, P.~L. and
	{Crawford}, S.~M. and {Conseil}, S. and {Shupe}, D.~L. and
	{Craig}, M.~W. and {Dencheva}, N. and {Ginsburg}, A. and {Vand
	erPlas}, J.~T. and {Bradley}, L.~D. and {P{\'e}rez-Su{\'a}rez}, D. and
	{de Val-Borro}, M. and {Aldcroft}, T.~L. and {Cruz}, K.~L. and
	{Robitaille}, T.~P. and {Tollerud}, E.~J. and {Ardelean}, C. and
	{Babej}, T. and {Bach}, Y.~P. and {Bachetti}, M. and {Bakanov}, A.~V. and
	{Bamford}, S.~P. and {Barentsen}, G. and {Barmby}, P. and
	{Baumbach}, A. and {Berry}, K.~L. and {Biscani}, F. and {Boquien}, M. and
	{Bostroem}, K.~A. and {Bouma}, L.~G. and {Brammer}, G.~B. and
	{Bray}, E.~M. and {Breytenbach}, H. and {Buddelmeijer}, H. and
	{Burke}, D.~J. and {Calderone}, G. and {Cano Rodr{\'\i}guez}, J.~L. and
	{Cara}, M. and {Cardoso}, J.~V.~M. and {Cheedella}, S. and {Copin}, Y. and
	{Corrales}, L. and {Crichton}, D. and {D'Avella}, D. and {Deil}, C. and
	{Depagne}, {\'E}. and {Dietrich}, J.~P. and {Donath}, A. and
	{Droettboom}, M. and {Earl}, N. and {Erben}, T. and {Fabbro}, S. and
	{Ferreira}, L.~A. and {Finethy}, T. and {Fox}, R.~T. and
	{Garrison}, L.~H. and {Gibbons}, S.~L.~J. and {Goldstein}, D.~A. and
	{Gommers}, R. and {Greco}, J.~P. and {Greenfield}, P. and
	{Groener}, A.~M. and {Grollier}, F. and {Hagen}, A. and {Hirst}, P. and
	{Homeier}, D. and {Horton}, A.~J. and {Hosseinzadeh}, G. and {Hu}, L. and
	{Hunkeler}, J.~S. and {Ivezi{\'c}}, {\v{Z}}. and {Jain}, A. and
	{Jenness}, T. and {Kanarek}, G. and {Kendrew}, S. and {Kern}, N.~S. and
	{Kerzendorf}, W.~E. and {Khvalko}, A. and {King}, J. and {Kirkby}, D. and
	{Kulkarni}, A.~M. and {Kumar}, A. and {Lee}, A. and {Lenz}, D. and
	{Littlefair}, S.~P. and {Ma}, Z. and {Macleod}, D.~M. and
	{Mastropietro}, M. and {McCully}, C. and {Montagnac}, S. and
	{Morris}, B.~M. and {Mueller}, M. and {Mumford}, S.~J. and {Muna}, D. and
	{Murphy}, N.~A. and {Nelson}, S. and {Nguyen}, G.~H. and
	{Ninan}, J.~P. and {N{\"o}the}, M. and {Ogaz}, S. and {Oh}, S. and
	{Parejko}, J.~K. and {Parley}, N. and {Pascual}, S. and {Patil}, R. and
	{Patil}, A.~A. and {Plunkett}, A.~L. and {Prochaska}, J.~X. and
	{Rastogi}, T. and {Reddy Janga}, V. and {Sabater}, J. and
	{Sakurikar}, P. and {Seifert}, M. and {Sherbert}, L.~E. and
	{Sherwood-Taylor}, H. and {Shih}, A.~Y. and {Sick}, J. and
	{Silbiger}, M.~T. and {Singanamalla}, S. and {Singer}, L.~P. and
	{Sladen}, P.~H. and {Sooley}, K.~A. and {Sornarajah}, S. and
	{Streicher}, O. and {Teuben}, P. and {Thomas}, S.~W. and
	{Tremblay}, G.~R. and {Turner}, J.~E.~H. and {Terr{\'o}n}, V. and
	{van Kerkwijk}, M.~H. and {de la Vega}, A. and {Watkins}, L.~L. and
	{Weaver}, B.~A. and {Whitmore}, J.~B. and {Woillez}, J. and
	{Zabalza}, V. and {Astropy Contributors}},
	title = "{The Astropy Project: Building an Open-science Project and Status of the v2.0 Core Package}",
	journal = {\aj},
	keywords = {methods: data analysis, methods: miscellaneous, methods: statistical, reference systems, Astrophysics - Instrumentation and Methods for Astrophysics},
	year = 2018,
	month = sep,
	volume = {156},
	number = {3},
	eid = {123},
	pages = {123},
	doi = {10.3847/1538-3881/aabc4f},
	archivePrefix = {arXiv},
	eprint = {1801.02634},
	primaryClass = {astro-ph.IM},
	adsurl = {https://ui.adsabs.harvard.edu/abs/2018AJ....156..123A},
	adsnote = {Provided by the SAO/NASA Astrophysics Data System}
}

@ARTICLE{astropy:2022,
	author = {{Astropy Collaboration} and {Price-Whelan}, Adrian M. and {Lim}, Pey Lian and {Earl}, Nicholas and {Starkman}, Nathaniel and {Bradley}, Larry and {Shupe}, David L. and {Patil}, Aarya A. and {Corrales}, Lia and {Brasseur}, C.~E. and {N{"o}the}, Maximilian and {Donath}, Axel and {Tollerud}, Erik and {Morris}, Brett M. and {Ginsburg}, Adam and {Vaher}, Eero and {Weaver}, Benjamin A. and {Tocknell}, James and {Jamieson}, William and {van Kerkwijk}, Marten H. and {Robitaille}, Thomas P. and {Merry}, Bruce and {Bachetti}, Matteo and {G{"u}nther}, H. Moritz and {Aldcroft}, Thomas L. and {Alvarado-Montes}, Jaime A. and {Archibald}, Anne M. and {B{'o}di}, Attila and {Bapat}, Shreyas and {Barentsen}, Geert and {Baz{'a}n}, Juanjo and {Biswas}, Manish and {Boquien}, M{'e}d{'e}ric and {Burke}, D.~J. and {Cara}, Daria and {Cara}, Mihai and {Conroy}, Kyle E. and {Conseil}, Simon and {Craig}, Matthew W. and {Cross}, Robert M. and {Cruz}, Kelle L. and {D'Eugenio}, Francesco and {Dencheva}, Nadia and {Devillepoix}, Hadrien A.~R. and {Dietrich}, J{"o}rg P. and {Eigenbrot}, Arthur Davis and {Erben}, Thomas and {Ferreira}, Leonardo and {Foreman-Mackey}, Daniel and {Fox}, Ryan and {Freij}, Nabil and {Garg}, Suyog and {Geda}, Robel and {Glattly}, Lauren and {Gondhalekar}, Yash and {Gordon}, Karl D. and {Grant}, David and {Greenfield}, Perry and {Groener}, Austen M. and {Guest}, Steve and {Gurovich}, Sebastian and {Handberg}, Rasmus and {Hart}, Akeem and {Hatfield-Dodds}, Zac and {Homeier}, Derek and {Hosseinzadeh}, Griffin and {Jenness}, Tim and {Jones}, Craig K. and {Joseph}, Prajwel and {Kalmbach}, J. Bryce and {Karamehmetoglu}, Emir and {Ka{l}uszy{'n}ski}, Miko{l}aj and {Kelley}, Michael S.~P. and {Kern}, Nicholas and {Kerzendorf}, Wolfgang E. and {Koch}, Eric W. and {Kulumani}, Shankar and {Lee}, Antony and {Ly}, Chun and {Ma}, Zhiyuan and {MacBride}, Conor and {Maljaars}, Jakob M. and {Muna}, Demitri and {Murphy}, N.~A. and {Norman}, Henrik and {O'Steen}, Richard and {Oman}, Kyle A. and {Pacifici}, Camilla and {Pascual}, Sergio and {Pascual-Granado}, J. and {Patil}, Rohit R. and {Perren}, Gabriel I. and {Pickering}, Timothy E. and {Rastogi}, Tanuj and {Roulston}, Benjamin R. and {Ryan}, Daniel F. and {Rykoff}, Eli S. and {Sabater}, Jose and {Sakurikar}, Parikshit and {Salgado}, Jes{'u}s and {Sanghi}, Aniket and {Saunders}, Nicholas and {Savchenko}, Volodymyr and {Schwardt}, Ludwig and {Seifert-Eckert}, Michael and {Shih}, Albert Y. and {Jain}, Anany Shrey and {Shukla}, Gyanendra and {Sick}, Jonathan and {Simpson}, Chris and {Singanamalla}, Sudheesh and {Singer}, Leo P. and {Singhal}, Jaladh and {Sinha}, Manodeep and {Sip{H{o}}cz}, Brigitta M. and {Spitler}, Lee R. and {Stansby}, David and {Streicher}, Ole and {{{S}}umak}, Jani and {Swinbank}, John D. and {Taranu}, Dan S. and {Tewary}, Nikita and {Tremblay}, Grant R. and {Val-Borro}, Miguel de and {Van Kooten}, Samuel J. and {Vasovi{'c}}, Zlatan and {Verma}, Shresth and {de Miranda Cardoso}, Jos{'e} Vin{'i}cius and {Williams}, Peter K.~G. and {Wilson}, Tom J. and {Winkel}, Benjamin and {Wood-Vasey}, W.~M. and {Xue}, Rui and {Yoachim}, Peter and {Zhang}, Chen and {Zonca}, Andrea and {Astropy Project Contributors}},
	title = "{The Astropy Project: Sustaining and Growing a Community-oriented Open-source Project and the Latest Major Release (v5.0) of the Core Package}",
	journal = {apj},
	keywords = {Astronomy software, Open source software, Astronomy data analysis, 1855, 1866, 1858, Astrophysics - Instrumentation and Methods for Astrophysics},
	year = 2022,
	month = aug,
	volume = {935},
	number = {2},
	eid = {167},
	pages = {167},
	doi = {10.3847/1538-4357/ac7c74},
	archivePrefix = {arXiv},
	eprint = {2206.14220},
	primaryClass = {astro-ph.IM},
	adsurl = {https://ui.adsabs.harvard.edu/abs/2022ApJ...935..167A},
	adsnote = {Provided by the SAO/NASA Astrophysics Data System}
}
@ARTICLE{2022MNRAS.510.2597R,
	author = {{Rybizki}, Jan and {Green}, Gregory M. and {Rix}, Hans-Walter and {El-Badry}, Kareem and {Demleitner}, Markus and {Zari}, Eleonora and {Udalski}, Andrzej and {Smart}, Richard L. and {Gould}, Andrew},
	title = "{A classifier for spurious astrometric solutions in Gaia eDR3}",
	journal = {\mnras},
	keywords = {space vehicles: instruments, virtual observatory tools, Galaxy: kinematics and dynamics, Galaxy: stellar content, Astrophysics - Instrumentation and Methods for Astrophysics, Astrophysics - Astrophysics of Galaxies},
	year = 2022,
	month = feb,
	volume = {510},
	number = {2},
	pages = {2597-2616},
	doi = {10.1093/mnras/stab3588},
	archivePrefix = {arXiv},
	eprint = {2101.11641},
	primaryClass = {astro-ph.IM},
	adsurl = {https://ui.adsabs.harvard.edu/abs/2022MNRAS.510.2597R},
	adsnote = {Provided by the SAO/NASA Astrophysics Data System}
}
@ARTICLE{2006AJ....131.1163S,
	author = {{Skrutskie}, M.~F. and {Cutri}, R.~M. and {Stiening}, R. and {Weinberg}, M.~D. and {Schneider}, S. and {Carpenter}, J.~M. and {Beichman}, C. and {Capps}, R. and {Chester}, T. and {Elias}, J. and {Huchra}, J. and {Liebert}, J. and {Lonsdale}, C. and {Monet}, D.~G. and {Price}, S. and {Seitzer}, P. and {Jarrett}, T. and {Kirkpatrick}, J.~D. and {Gizis}, J.~E. and {Howard}, E. and {Evans}, T. and {Fowler}, J. and {Fullmer}, L. and {Hurt}, R. and {Light}, R. and {Kopan}, E.~L. and {Marsh}, K.~A. and {McCallon}, H.~L. and {Tam}, R. and {Van Dyk}, S. and {Wheelock}, S.},
	title = "{The Two Micron All Sky Survey (2MASS)}",
	journal = {\aj},
	keywords = {Catalogs, Infrared: General, Surveys},
	year = 2006,
	month = feb,
	volume = {131},
	number = {2},
	pages = {1163-1183},
	doi = {10.1086/498708},
	adsurl = {https://ui.adsabs.harvard.edu/abs/2006AJ....131.1163S},
	adsnote = {Provided by the SAO/NASA Astrophysics Data System}
}
@ARTICLE{2021A&A...649A...4L,
	author = {{Lindegren}, L. and {Bastian}, U. and {Biermann}, M. and {Bombrun}, A. and {de Torres}, A. and {Gerlach}, E. and {Geyer}, R. and {Hern{\'a}ndez}, J. and {Hilger}, T. and {Hobbs}, D. and {Klioner}, S.~A. and {Lammers}, U. and {McMillan}, P.~J. and {Ramos-Lerate}, M. and {Steidelm{\"u}ller}, H. and {Stephenson}, C.~A. and {van Leeuwen}, F.},
	title = "{Gaia Early Data Release 3. Parallax bias versus magnitude, colour, and position}",
	journal = {\aap},
	keywords = {astrometry, parallaxes, methods: data analysis, space vehicles: instruments, stars: distances, Astrophysics - Instrumentation and Methods for Astrophysics},
	year = 2021,
	month = may,
	volume = {649},
	eid = {A4},
	pages = {A4},
	doi = {10.1051/0004-6361/202039653},
	archivePrefix = {arXiv},
	eprint = {2012.01742},
	primaryClass = {astro-ph.IM},
	adsurl = {https://ui.adsabs.harvard.edu/abs/2021A&A...649A...4L},
	adsnote = {Provided by the SAO/NASA Astrophysics Data System}
}
@ARTICLE{2021A&A...649A.124C,
	author = {{Cantat-Gaudin}, Tristan and {Brandt}, Timothy D.},
	title = "{Characterizing and correcting the proper motion bias of the bright Gaia EDR3 sources}",
	journal = {\aap},
	keywords = {astrometry, proper motions, methods: data analysis, methods: statistical, Astrophysics - Astrophysics of Galaxies, Astrophysics - Instrumentation and Methods for Astrophysics},
	year = 2021,
	month = may,
	volume = {649},
	eid = {A124},
	pages = {A124},
	doi = {10.1051/0004-6361/202140807},
	archivePrefix = {arXiv},
	eprint = {2103.07432},
	primaryClass = {astro-ph.GA},
	adsurl = {https://ui.adsabs.harvard.edu/abs/2021A&A...649A.124C},
	adsnote = {Provided by the SAO/NASA Astrophysics Data System}
}
@ARTICLE{2021A&A...649A...2L,
	author = {{Lindegren}, L. and {Klioner}, S.~A. and {Hern{\'a}ndez}, J. and {Bombrun}, A. and {Ramos-Lerate}, M. and {Steidelm{\"u}ller}, H. and {Bastian}, U. and {Biermann}, M. and {de Torres}, A. and {Gerlach}, E. and {Geyer}, R. and {Hilger}, T. and {Hobbs}, D. and {Lammers}, U. and {McMillan}, P.~J. and {Stephenson}, C.~A. and {Casta{\~n}eda}, J. and {Davidson}, M. and {Fabricius}, C. and {Gracia-Abril}, G. and {Portell}, J. and {Rowell}, N. and {Teyssier}, D. and {Torra}, F. and {Bartolom{\'e}}, S. and {Clotet}, M. and {Garralda}, N. and {Gonz{\'a}lez-Vidal}, J.~J. and {Torra}, J. and {Abbas}, U. and {Altmann}, M. and {Anglada Varela}, E. and {Balaguer-N{\'u}{\~n}ez}, L. and {Balog}, Z. and {Barache}, C. and {Becciani}, U. and {Bernet}, M. and {Bertone}, S. and {Bianchi}, L. and {Bouquillon}, S. and {Brown}, A.~G.~A. and {Bucciarelli}, B. and {Busonero}, D. and {Butkevich}, A.~G. and {Buzzi}, R. and {Cancelliere}, R. and {Carlucci}, T. and {Charlot}, P. and {Cioni}, M. -R.~L. and {Crosta}, M. and {Crowley}, C. and {del Peloso}, E.~F. and {del Pozo}, E. and {Drimmel}, R. and {Esquej}, P. and {Fienga}, A. and {Fraile}, E. and {Gai}, M. and {Garcia-Reinaldos}, M. and {Guerra}, R. and {Hambly}, N.~C. and {Hauser}, M. and {Jan{\ss}en}, K. and {Jordan}, S. and {Kostrzewa-Rutkowska}, Z. and {Lattanzi}, M.~G. and {Liao}, S. and {Licata}, E. and {Lister}, T.~A. and {L{\"o}ffler}, W. and {Marchant}, J.~M. and {Masip}, A. and {Mignard}, F. and {Mints}, A. and {Molina}, D. and {Mora}, A. and {Morbidelli}, R. and {Murphy}, C.~P. and {Pagani}, C. and {Panuzzo}, P. and {Pe{\~n}alosa Esteller}, X. and {Poggio}, E. and {Re Fiorentin}, P. and {Riva}, A. and {Sagrist{\`a} Sell{\'e}s}, A. and {Sanchez Gimenez}, V. and {Sarasso}, M. and {Sciacca}, E. and {Siddiqui}, H.~I. and {Smart}, R.~L. and {Souami}, D. and {Spagna}, A. and {Steele}, I.~A. and {Taris}, F. and {Utrilla}, E. and {van Reeven}, W. and {Vecchiato}, A.},
	title = "{Gaia Early Data Release 3. The astrometric solution}",
	journal = {\aap},
	keywords = {astrometry, parallaxes, proper motions, methods: data analysis, space vehicles: instruments, Astrophysics - Instrumentation and Methods for Astrophysics},
	year = 2021,
	month = may,
	volume = {649},
	eid = {A2},
	pages = {A2},
	doi = {10.1051/0004-6361/202039709},
	archivePrefix = {arXiv},
	eprint = {2012.03380},
	primaryClass = {astro-ph.IM},
	adsurl = {https://ui.adsabs.harvard.edu/abs/2021A&A...649A...2L},
	adsnote = {Provided by the SAO/NASA Astrophysics Data System}
}
@ARTICLE{1971ApJ...164..399S,
	author = {{Spitzer}, Lyman, Jr. and {Hart}, Michael H.},
	title = "{Random Gravitational Encounters and the Evolution of Spherical Systems. I. Method}",
	journal = {\apj},
	year = 1971,
	month = mar,
	volume = {164},
	pages = {399},
	doi = {10.1086/150855},
	adsurl = {https://ui.adsabs.harvard.edu/abs/1971ApJ...164..399S},
	adsnote = {Provided by the SAO/NASA Astrophysics Data System}
}
@ARTICLE{2023BlgAJ..39...94S,
       author = {{Semkov}, Evgeni H.},
        title = "{Pre-main sequence stars}",
      journal = {Bulgarian Astronomical Journal},
         year = 2023,
        month = jul,
       volume = {39},
        pages = {94},
       adsurl = {https://ui.adsabs.harvard.edu/abs/2023BlgAJ..39...94S},
      adsnote = {Provided by the SAO/NASA Astrophysics Data System}
}
@ARTICLE{2023A&A...674A...1G,
       author = {{Gaia Collaboration} and {Vallenari}, A. and {Brown}, A.~G.~A. and {Prusti}, T. and {de Bruijne}, J.~H.~J. and {Arenou}, F. and {Babusiaux}, C. and {Biermann}, M. and {Creevey}, O.~L. and {Ducourant}, C. and {Evans}, D.~W. and {Eyer}, L. and {Guerra}, R. and {Hutton}, A. and {Jordi}, C. and {Klioner}, S.~A. and {Lammers}, U.~L. and {Lindegren}, L. and {Luri}, X. and {Mignard}, F. and {Panem}, C. and {Pourbaix}, D. and {Randich}, S. and {Sartoretti}, P. and {Soubiran}, C. and {Tanga}, P. and {Walton}, N.~A. and {Bailer-Jones}, C.~A.~L. and {Bastian}, U. and {Drimmel}, R. and {Jansen}, F. and {Katz}, D. and {Lattanzi}, M.~G. and {van Leeuwen}, F. and {Bakker}, J. and {Cacciari}, C. and {Casta{\~n}eda}, J. and {De Angeli}, F. and {Fabricius}, C. and {Fouesneau}, M. and {Fr{\'e}mat}, Y. and {Galluccio}, L. and {Guerrier}, A. and {Heiter}, U. and {Masana}, E. and {Messineo}, R. and {Mowlavi}, N. and {Nicolas}, C. and {Nienartowicz}, K. and {Pailler}, F. and {Panuzzo}, P. and {Riclet}, F. and {Roux}, W. and {Seabroke}, G.~M. and {Sordo}, R. and {Th{\'e}venin}, F. and {Gracia-Abril}, G. and {Portell}, J. and {Teyssier}, D. and {Altmann}, M. and {Andrae}, R. and {Audard}, M. and {Bellas-Velidis}, I. and {Benson}, K. and {Berthier}, J. and {Blomme}, R. and {Burgess}, P.~W. and {Busonero}, D. and {Busso}, G. and {C{\'a}novas}, H. and {Carry}, B. and {Cellino}, A. and {Cheek}, N. and {Clementini}, G. and {Damerdji}, Y. and {Davidson}, M. and {de Teodoro}, P. and {Nu{\~n}ez Campos}, M. and {Delchambre}, L. and {Dell'Oro}, A. and {Esquej}, P. and {Fern{\'a}ndez-Hern{\'a}ndez}, J. and {Fraile}, E. and {Garabato}, D. and {Garc{\'\i}a-Lario}, P. and {Gosset}, E. and {Haigron}, R. and {Halbwachs}, J. -L. and {Hambly}, N.~C. and {Harrison}, D.~L. and {Hern{\'a}ndez}, J. and {Hestroffer}, D. and {Hodgkin}, S.~T. and {Holl}, B. and {Jan{\ss}en}, K. and {Jevardat de Fombelle}, G. and {Jordan}, S. and {Krone-Martins}, A. and {Lanzafame}, A.~C. and {L{\"o}ffler}, W. and {Marchal}, O. and {Marrese}, P.~M. and {Moitinho}, A. and {Muinonen}, K. and {Osborne}, P. and {Pancino}, E. and {Pauwels}, T. and {Recio-Blanco}, A. and {Reyl{\'e}}, C. and {Riello}, M. and {Rimoldini}, L. and {Roegiers}, T. and {Rybizki}, J. and {Sarro}, L.~M. and {Siopis}, C. and {Smith}, M. and {Sozzetti}, A. and {Utrilla}, E. and {van Leeuwen}, M. and {Abbas}, U. and {{\'A}brah{\'a}m}, P. and {Abreu Aramburu}, A. and {Aerts}, C. and {Aguado}, J.~J. and {Ajaj}, M. and {Aldea-Montero}, F. and {Altavilla}, G. and {{\'A}lvarez}, M.~A. and {Alves}, J. and {Anders}, F. and {Anderson}, R.~I. and {Anglada Varela}, E. and {Antoja}, T. and {Baines}, D. and {Baker}, S.~G. and {Balaguer-N{\'u}{\~n}ez}, L. and {Balbinot}, E. and {Balog}, Z. and {Barache}, C. and {Barbato}, D. and {Barros}, M. and {Barstow}, M.~A. and {Bartolom{\'e}}, S. and {Bassilana}, J. -L. and {Bauchet}, N. and {Becciani}, U. and {Bellazzini}, M. and {Berihuete}, A. and {Bernet}, M. and {Bertone}, S. and {Bianchi}, L. and {Binnenfeld}, A. and {Blanco-Cuaresma}, S. and {Blazere}, A. and {Boch}, T. and {Bombrun}, A. and {Bossini}, D. and {Bouquillon}, S. and {Bragaglia}, A. and {Bramante}, L. and {Breedt}, E. and {Bressan}, A. and {Brouillet}, N. and {Brugaletta}, E. and {Bucciarelli}, B. and {Burlacu}, A. and {Butkevich}, A.~G. and {Buzzi}, R. and {Caffau}, E. and {Cancelliere}, R. and {Cantat-Gaudin}, T. and {Carballo}, R. and {Carlucci}, T. and {Carnerero}, M.~I. and {Carrasco}, J.~M. and {Casamiquela}, L. and {Castellani}, M. and {Castro-Ginard}, A. and {Chaoul}, L. and {Charlot}, P. and {Chemin}, L. and {Chiaramida}, V. and {Chiavassa}, A. and {Chornay}, N. and {Comoretto}, G. and {Contursi}, G. and {Cooper}, W.~J. and {Cornez}, T. and {Cowell}, S. and {Crifo}, F. and {Cropper}, M. and {Crosta}, M. and {Crowley}, C. and {Dafonte}, C. and {Dapergolas}, A. and {David}, M. and {David}, P. and {de Laverny}, P. and {De Luise}, F. and {De March}, R. and {De Ridder}, J. and {de Souza}, R. and {de Torres}, A. and {del Peloso}, E.~F. and {del Pozo}, E. and {Delbo}, M. and {Delgado}, A. and {Delisle}, J. -B. and {Demouchy}, C. and {Dharmawardena}, T.~E. and {Di Matteo}, P. and {Diakite}, S. and {Diener}, C. and {Distefano}, E. and {Dolding}, C. and {Edvardsson}, B. and {Enke}, H. and {Fabre}, C. and {Fabrizio}, M. and {Faigler}, S. and {Fedorets}, G. and {Fernique}, P. and {Fienga}, A. and {Figueras}, F. and {Fournier}, Y. and {Fouron}, C. and {Fragkoudi}, F. and {Gai}, M. and {Garcia-Gutierrez}, A. and {Garcia-Reinaldos}, M. and {Garc{\'\i}a-Torres}, M. and {Garofalo}, A. and {Gavel}, A. and {Gavras}, P. and {Gerlach}, E. and {Geyer}, R. and {Giacobbe}, P. and {Gilmore}, G. and {Girona}, S. and {Giuffrida}, G. and {Gomel}, R. and {Gomez}, A. and {Gonz{\'a}lez-N{\'u}{\~n}ez}, J. and {Gonz{\'a}lez-Santamar{\'\i}a}, I. and {Gonz{\'a}lez-Vidal}, J.~J. and {Granvik}, M. and {Guillout}, P. and {Guiraud}, J. and {Guti{\'e}rrez-S{\'a}nchez}, R. and {Guy}, L.~P. and {Hatzidimitriou}, D. and {Hauser}, M. and {Haywood}, M. and {Helmer}, A. and {Helmi}, A. and {Sarmiento}, M.~H. and {Hidalgo}, S.~L. and {Hilger}, T. and {H{\l}adczuk}, N. and {Hobbs}, D. and {Holland}, G. and {Huckle}, H.~E. and {Jardine}, K. and {Jasniewicz}, G. and {Jean-Antoine Piccolo}, A. and {Jim{\'e}nez-Arranz}, {\'O}. and {Jorissen}, A. and {Juaristi Campillo}, J. and {Julbe}, F. and {Karbevska}, L. and {Kervella}, P. and {Khanna}, S. and {Kontizas}, M. and {Kordopatis}, G. and {Korn}, A.~J. and {K{\'o}sp{\'a}l}, {\'A}. and {Kostrzewa-Rutkowska}, Z. and {Kruszy{\'n}ska}, K. and {Kun}, M. and {Laizeau}, P. and {Lambert}, S. and {Lanza}, A.~F. and {Lasne}, Y. and {Le Campion}, J. -F. and {Lebreton}, Y. and {Lebzelter}, T. and {Leccia}, S. and {Leclerc}, N. and {Lecoeur-Taibi}, I. and {Liao}, S. and {Licata}, E.~L. and {Lindstr{\o}m}, H.~E.~P. and {Lister}, T.~A. and {Livanou}, E. and {Lobel}, A. and {Lorca}, A. and {Loup}, C. and {Madrero Pardo}, P. and {Magdaleno Romeo}, A. and {Managau}, S. and {Mann}, R.~G. and {Manteiga}, M. and {Marchant}, J.~M. and {Marconi}, M. and {Marcos}, J. and {Marcos Santos}, M.~M.~S. and {Mar{\'\i}n Pina}, D. and {Marinoni}, S. and {Marocco}, F. and {Marshall}, D.~J. and {Martin Polo}, L. and {Mart{\'\i}n-Fleitas}, J.~M. and {Marton}, G. and {Mary}, N. and {Masip}, A. and {Massari}, D. and {Mastrobuono-Battisti}, A. and {Mazeh}, T. and {McMillan}, P.~J. and {Messina}, S. and {Michalik}, D. and {Millar}, N.~R. and {Mints}, A. and {Molina}, D. and {Molinaro}, R. and {Moln{\'a}r}, L. and {Monari}, G. and {Mongui{\'o}}, M. and {Montegriffo}, P. and {Montero}, A. and {Mor}, R. and {Mora}, A. and {Morbidelli}, R. and {Morel}, T. and {Morris}, D. and {Muraveva}, T. and {Murphy}, C.~P. and {Musella}, I. and {Nagy}, Z. and {Noval}, L. and {Oca{\~n}a}, F. and {Ogden}, A. and {Ordenovic}, C. and {Osinde}, J.~O. and {Pagani}, C. and {Pagano}, I. and {Palaversa}, L. and {Palicio}, P.~A. and {Pallas-Quintela}, L. and {Panahi}, A. and {Payne-Wardenaar}, S. and {Pe{\~n}alosa Esteller}, X. and {Penttil{\"a}}, A. and {Pichon}, B. and {Piersimoni}, A.~M. and {Pineau}, F. -X. and {Plachy}, E. and {Plum}, G. and {Poggio}, E. and {Pr{\v{s}}a}, A. and {Pulone}, L. and {Racero}, E. and {Ragaini}, S. and {Rainer}, M. and {Raiteri}, C.~M. and {Rambaux}, N. and {Ramos}, P. and {Ramos-Lerate}, M. and {Re Fiorentin}, P. and {Regibo}, S. and {Richards}, P.~J. and {Rios Diaz}, C. and {Ripepi}, V. and {Riva}, A. and {Rix}, H. -W. and {Rixon}, G. and {Robichon}, N. and {Robin}, A.~C. and {Robin}, C. and {Roelens}, M. and {Rogues}, H.~R.~O. and {Rohrbasser}, L. and {Romero-G{\'o}mez}, M. and {Rowell}, N. and {Royer}, F. and {Ruz Mieres}, D. and {Rybicki}, K.~A. and {Sadowski}, G. and {S{\'a}ez N{\'u}{\~n}ez}, A. and {Sagrist{\`a} Sell{\'e}s}, A. and {Sahlmann}, J. and {Salguero}, E. and {Samaras}, N. and {Sanchez Gimenez}, V. and {Sanna}, N. and {Santove{\~n}a}, R. and {Sarasso}, M. and {Schultheis}, M. and {Sciacca}, E. and {Segol}, M. and {Segovia}, J.~C. and {S{\'e}gransan}, D. and {Semeux}, D. and {Shahaf}, S. and {Siddiqui}, H.~I. and {Siebert}, A. and {Siltala}, L. and {Silvelo}, A. and {Slezak}, E. and {Slezak}, I. and {Smart}, R.~L. and {Snaith}, O.~N. and {Solano}, E. and {Solitro}, F. and {Souami}, D. and {Souchay}, J. and {Spagna}, A. and {Spina}, L. and {Spoto}, F. and {Steele}, I.~A. and {Steidelm{\"u}ller}, H. and {Stephenson}, C.~A. and {S{\"u}veges}, M. and {Surdej}, J. and {Szabados}, L. and {Szegedi-Elek}, E. and {Taris}, F. and {Taylor}, M.~B. and {Teixeira}, R. and {Tolomei}, L. and {Tonello}, N. and {Torra}, F. and {Torra}, J. and {Torralba Elipe}, G. and {Trabucchi}, M. and {Tsounis}, A.~T. and {Turon}, C. and {Ulla}, A. and {Unger}, N. and {Vaillant}, M.~V. and {van Dillen}, E. and {van Reeven}, W. and {Vanel}, O. and {Vecchiato}, A. and {Viala}, Y. and {Vicente}, D. and {Voutsinas}, S. and {Weiler}, M. and {Wevers}, T. and {Wyrzykowski}, {\L}. and {Yoldas}, A. and {Yvard}, P. and {Zhao}, H. and {Zorec}, J. and {Zucker}, S. and {Zwitter}, T.},
        title = "{Gaia Data Release 3. Summary of the content and survey properties}",
      journal = {\aap},
     keywords = {techniques: photometric, techniques: spectroscopic, techniques: radial velocities, catalogs, astrometry, parallaxes, Astrophysics - Astrophysics of Galaxies},
         year = 2023,
        month = jun,
       volume = {674},
          eid = {A1},
        pages = {A1},
          doi = {10.1051/0004-6361/202243940},
archivePrefix = {arXiv},
       eprint = {2208.00211},
 primaryClass = {astro-ph.GA},
       adsurl = {https://ui.adsabs.harvard.edu/abs/2023A&A...674A...1G},
      adsnote = {Provided by the SAO/NASA Astrophysics Data System}
}
@ARTICLE{2016A&A...595A...1G,
	author = {{Gaia Collaboration} and {Prusti}, T. and {de Bruijne}, J.~H.~J. and {Brown}, A.~G.~A. and {Vallenari}, A. and {Babusiaux}, C. and {Bailer-Jones}, C.~A.~L. and {Bastian}, U. and {Biermann}, M. and {Evans}, D.~W. and {Eyer}, L. and {Jansen}, F. and {Jordi}, C. and {Klioner}, S.~A. and {Lammers}, U. and {Lindegren}, L. and {Luri}, X. and {Mignard}, F. and {Milligan}, D.~J. and {Panem}, C. and {Poinsignon}, V. and {Pourbaix}, D. and {Randich}, S. and {Sarri}, G. and {Sartoretti}, P. and {Siddiqui}, H.~I. and {Soubiran}, C. and {Valette}, V. and {van Leeuwen}, F. and {Walton}, N.~A. and {Aerts}, C. and {Arenou}, F. and {Cropper}, M. and {Drimmel}, R. and {H{\o}g}, E. and {Katz}, D. and {Lattanzi}, M.~G. and {O'Mullane}, W. and {Grebel}, E.~K. and {Holland}, A.~D. and {Huc}, C. and {Passot}, X. and {Bramante}, L. and {Cacciari}, C. and {Casta{\~n}eda}, J. and {Chaoul}, L. and {Cheek}, N. and {De Angeli}, F. and {Fabricius}, C. and {Guerra}, R. and {Hern{\'a}ndez}, J. and {Jean-Antoine-Piccolo}, A. and {Masana}, E. and {Messineo}, R. and {Mowlavi}, N. and {Nienartowicz}, K. and {Ord{\'o}{\~n}ez-Blanco}, D. and {Panuzzo}, P. and {Portell}, J. and {Richards}, P.~J. and {Riello}, M. and {Seabroke}, G.~M. and {Tanga}, P. and {Th{\'e}venin}, F. and {Torra}, J. and {Els}, S.~G. and {Gracia-Abril}, G. and {Comoretto}, G. and {Garcia-Reinaldos}, M. and {Lock}, T. and {Mercier}, E. and {Altmann}, M. and {Andrae}, R. and {Astraatmadja}, T.~L. and {Bellas-Velidis}, I. and {Benson}, K. and {Berthier}, J. and {Blomme}, R. and {Busso}, G. and {Carry}, B. and {Cellino}, A. and {Clementini}, G. and {Cowell}, S. and {Creevey}, O. and {Cuypers}, J. and {Davidson}, M. and {De Ridder}, J. and {de Torres}, A. and {Delchambre}, L. and {Dell'Oro}, A. and {Ducourant}, C. and {Fr{\'e}mat}, Y. and {Garc{\'\i}a-Torres}, M. and {Gosset}, E. and {Halbwachs}, J. -L. and {Hambly}, N.~C. and {Harrison}, D.~L. and {Hauser}, M. and {Hestroffer}, D. and {Hodgkin}, S.~T. and {Huckle}, H.~E. and {Hutton}, A. and {Jasniewicz}, G. and {Jordan}, S. and {Kontizas}, M. and {Korn}, A.~J. and {Lanzafame}, A.~C. and {Manteiga}, M. and {Moitinho}, A. and {Muinonen}, K. and {Osinde}, J. and {Pancino}, E. and {Pauwels}, T. and {Petit}, J. -M. and {Recio-Blanco}, A. and {Robin}, A.~C. and {Sarro}, L.~M. and {Siopis}, C. and {Smith}, M. and {Smith}, K.~W. and {Sozzetti}, A. and {Thuillot}, W. and {van Reeven}, W. and {Viala}, Y. and {Abbas}, U. and {Abreu Aramburu}, A. and {Accart}, S. and {Aguado}, J.~J. and {Allan}, P.~M. and {Allasia}, W. and {Altavilla}, G. and {{\'A}lvarez}, M.~A. and {Alves}, J. and {Anderson}, R.~I. and {Andrei}, A.~H. and {Anglada Varela}, E. and {Antiche}, E. and {Antoja}, T. and {Ant{\'o}n}, S. and {Arcay}, B. and {Atzei}, A. and {Ayache}, L. and {Bach}, N. and {Baker}, S.~G. and {Balaguer-N{\'u}{\~n}ez}, L. and {Barache}, C. and {Barata}, C. and {Barbier}, A. and {Barblan}, F. and {Baroni}, M. and {Barrado y Navascu{\'e}s}, D. and {Barros}, M. and {Barstow}, M.~A. and {Becciani}, U. and {Bellazzini}, M. and {Bellei}, G. and {Bello Garc{\'\i}a}, A. and {Belokurov}, V. and {Bendjoya}, P. and {Berihuete}, A. and {Bianchi}, L. and {Bienaym{\'e}}, O. and {Billebaud}, F. and {Blagorodnova}, N. and {Blanco-Cuaresma}, S. and {Boch}, T. and {Bombrun}, A. and {Borrachero}, R. and {Bouquillon}, S. and {Bourda}, G. and {Bouy}, H. and {Bragaglia}, A. and {Breddels}, M.~A. and {Brouillet}, N. and {Br{\"u}semeister}, T. and {Bucciarelli}, B. and {Budnik}, F. and {Burgess}, P. and {Burgon}, R. and {Burlacu}, A. and {Busonero}, D. and {Buzzi}, R. and {Caffau}, E. and {Cambras}, J. and {Campbell}, H. and {Cancelliere}, R. and {Cantat-Gaudin}, T. and {Carlucci}, T. and {Carrasco}, J.~M. and {Castellani}, M. and {Charlot}, P. and {Charnas}, J. and {Charvet}, P. and {Chassat}, F. and {Chiavassa}, A. and {Clotet}, M. and {Cocozza}, G. and {Collins}, R.~S. and {Collins}, P. and {Costigan}, G. and {Crifo}, F. and {Cross}, N.~J.~G. and {Crosta}, M. and {Crowley}, C. and {Dafonte}, C. and {Damerdji}, Y. and {Dapergolas}, A. and {David}, P. and {David}, M. and {De Cat}, P. and {de Felice}, F. and {de Laverny}, P. and {De Luise}, F. and {De March}, R. and {de Martino}, D. and {de Souza}, R. and {Debosscher}, J. and {del Pozo}, E. and {Delbo}, M. and {Delgado}, A. and {Delgado}, H.~E. and {di Marco}, F. and {Di Matteo}, P. and {Diakite}, S. and {Distefano}, E. and {Dolding}, C. and {Dos Anjos}, S. and {Drazinos}, P. and {Dur{\'a}n}, J. and {Dzigan}, Y. and {Ecale}, E. and {Edvardsson}, B. and {Enke}, H. and {Erdmann}, M. and {Escolar}, D. and {Espina}, M. and {Evans}, N.~W. and {Eynard Bontemps}, G. and {Fabre}, C. and {Fabrizio}, M. and {Faigler}, S. and {Falc{\~a}o}, A.~J. and {Farr{\`a}s Casas}, M. and {Faye}, F. and {Federici}, L. and {Fedorets}, G. and {Fern{\'a}ndez-Hern{\'a}ndez}, J. and {Fernique}, P. and {Fienga}, A. and {Figueras}, F. and {Filippi}, F. and {Findeisen}, K. and {Fonti}, A. and {Fouesneau}, M. and {Fraile}, E. and {Fraser}, M. and {Fuchs}, J. and {Furnell}, R. and {Gai}, M. and {Galleti}, S. and {Galluccio}, L. and {Garabato}, D. and {Garc{\'\i}a-Sedano}, F. and {Gar{\'e}}, P. and {Garofalo}, A. and {Garralda}, N. and {Gavras}, P. and {Gerssen}, J. and {Geyer}, R. and {Gilmore}, G. and {Girona}, S. and {Giuffrida}, G. and {Gomes}, M. and {Gonz{\'a}lez-Marcos}, A. and {Gonz{\'a}lez-N{\'u}{\~n}ez}, J. and {Gonz{\'a}lez-Vidal}, J.~J. and {Granvik}, M. and {Guerrier}, A. and {Guillout}, P. and {Guiraud}, J. and {G{\'u}rpide}, A. and {Guti{\'e}rrez-S{\'a}nchez}, R. and {Guy}, L.~P. and {Haigron}, R. and {Hatzidimitriou}, D. and {Haywood}, M. and {Heiter}, U. and {Helmi}, A. and {Hobbs}, D. and {Hofmann}, W. and {Holl}, B. and {Holland}, G. and {Hunt}, J.~A.~S. and {Hypki}, A. and {Icardi}, V. and {Irwin}, M. and {Jevardat de Fombelle}, G. and {Jofr{\'e}}, P. and {Jonker}, P.~G. and {Jorissen}, A. and {Julbe}, F. and {Karampelas}, A. and {Kochoska}, A. and {Kohley}, R. and {Kolenberg}, K. and {Kontizas}, E. and {Koposov}, S.~E. and {Kordopatis}, G. and {Koubsky}, P. and {Kowalczyk}, A. and {Krone-Martins}, A. and {Kudryashova}, M. and {Kull}, I. and {Bachchan}, R.~K. and {Lacoste-Seris}, F. and {Lanza}, A.~F. and {Lavigne}, J. -B. and {Le Poncin-Lafitte}, C. and {Lebreton}, Y. and {Lebzelter}, T. and {Leccia}, S. and {Leclerc}, N. and {Lecoeur-Taibi}, I. and {Lemaitre}, V. and {Lenhardt}, H. and {Leroux}, F. and {Liao}, S. and {Licata}, E. and {Lindstr{\o}m}, H.~E.~P. and {Lister}, T.~A. and {Livanou}, E. and {Lobel}, A. and {L{\"o}ffler}, W. and {L{\'o}pez}, M. and {Lopez-Lozano}, A. and {Lorenz}, D. and {Loureiro}, T. and {MacDonald}, I. and {Magalh{\~a}es Fernandes}, T. and {Managau}, S. and {Mann}, R.~G. and {Mantelet}, G. and {Marchal}, O. and {Marchant}, J.~M. and {Marconi}, M. and {Marie}, J. and {Marinoni}, S. and {Marrese}, P.~M. and {Marschalk{\'o}}, G. and {Marshall}, D.~J. and {Mart{\'\i}n-Fleitas}, J.~M. and {Martino}, M. and {Mary}, N. and {Matijevi{\v{c}}}, G. and {Mazeh}, T. and {McMillan}, P.~J. and {Messina}, S. and {Mestre}, A. and {Michalik}, D. and {Millar}, N.~R. and {Miranda}, B.~M.~H. and {Molina}, D. and {Molinaro}, R. and {Molinaro}, M. and {Moln{\'a}r}, L. and {Moniez}, M. and {Montegriffo}, P. and {Monteiro}, D. and {Mor}, R. and {Mora}, A. and {Morbidelli}, R. and {Morel}, T. and {Morgenthaler}, S. and {Morley}, T. and {Morris}, D. and {Mulone}, A.~F. and {Muraveva}, T. and {Musella}, I. and {Narbonne}, J. and {Nelemans}, G. and {Nicastro}, L. and {Noval}, L. and {Ord{\'e}novic}, C. and {Ordieres-Mer{\'e}}, J. and {Osborne}, P. and {Pagani}, C. and {Pagano}, I. and {Pailler}, F. and {Palacin}, H. and {Palaversa}, L. and {Parsons}, P. and {Paulsen}, T. and {Pecoraro}, M. and {Pedrosa}, R. and {Pentik{\"a}inen}, H. and {Pereira}, J. and {Pichon}, B. and {Piersimoni}, A.~M. and {Pineau}, F. -X. and {Plachy}, E. and {Plum}, G. and {Poujoulet}, E. and {Pr{\v{s}}a}, A. and {Pulone}, L. and {Ragaini}, S. and {Rago}, S. and {Rambaux}, N. and {Ramos-Lerate}, M. and {Ranalli}, P. and {Rauw}, G. and {Read}, A. and {Regibo}, S. and {Renk}, F. and {Reyl{\'e}}, C. and {Ribeiro}, R.~A. and {Rimoldini}, L. and {Ripepi}, V. and {Riva}, A. and {Rixon}, G. and {Roelens}, M. and {Romero-G{\'o}mez}, M. and {Rowell}, N. and {Royer}, F. and {Rudolph}, A. and {Ruiz-Dern}, L. and {Sadowski}, G. and {Sagrist{\`a} Sell{\'e}s}, T. and {Sahlmann}, J. and {Salgado}, J. and {Salguero}, E. and {Sarasso}, M. and {Savietto}, H. and {Schnorhk}, A. and {Schultheis}, M. and {Sciacca}, E. and {Segol}, M. and {Segovia}, J.~C. and {Segransan}, D. and {Serpell}, E. and {Shih}, I. -C. and {Smareglia}, R. and {Smart}, R.~L. and {Smith}, C. and {Solano}, E. and {Solitro}, F. and {Sordo}, R. and {Soria Nieto}, S. and {Souchay}, J. and {Spagna}, A. and {Spoto}, F. and {Stampa}, U. and {Steele}, I.~A. and {Steidelm{\"u}ller}, H. and {Stephenson}, C.~A. and {Stoev}, H. and {Suess}, F.~F. and {S{\"u}veges}, M. and {Surdej}, J. and {Szabados}, L. and {Szegedi-Elek}, E. and {Tapiador}, D. and {Taris}, F. and {Tauran}, G. and {Taylor}, M.~B. and {Teixeira}, R. and {Terrett}, D. and {Tingley}, B. and {Trager}, S.~C. and {Turon}, C. and {Ulla}, A. and {Utrilla}, E. and {Valentini}, G. and {van Elteren}, A. and {Van Hemelryck}, E. and {van Leeuwen}, M. and {Varadi}, M. and {Vecchiato}, A. and {Veljanoski}, J. and {Via}, T. and {Vicente}, D. and {Vogt}, S. and {Voss}, H. and {Votruba}, V. and {Voutsinas}, S. and {Walmsley}, G. and {Weiler}, M. and {Weingrill}, K. and {Werner}, D. and {Wevers}, T. and {Whitehead}, G. and {Wyrzykowski}, {\L}. and {Yoldas}, A. and {{\v{Z}}erjal}, M. and {Zucker}, S. and {Zurbach}, C. and {Zwitter}, T. and {Alecu}, A. and {Allen}, M. and {Allende Prieto}, C. and {Amorim}, A. and {Anglada-Escud{\'e}}, G. and {Arsenijevic}, V. and {Azaz}, S. and {Balm}, P. and {Beck}, M. and {Bernstein}, H. -H. and {Bigot}, L. and {Bijaoui}, A. and {Blasco}, C. and {Bonfigli}, M. and {Bono}, G. and {Boudreault}, S. and {Bressan}, A. and {Brown}, S. and {Brunet}, P. -M. and {Bunclark}, P. and {Buonanno}, R. and {Butkevich}, A.~G. and {Carret}, C. and {Carrion}, C. and {Chemin}, L. and {Ch{\'e}reau}, F. and {Corcione}, L. and {Darmigny}, E. and {de Boer}, K.~S. and {de Teodoro}, P. and {de Zeeuw}, P.~T. and {Delle Luche}, C. and {Domingues}, C.~D. and {Dubath}, P. and {Fodor}, F. and {Fr{\'e}zouls}, B. and {Fries}, A. and {Fustes}, D. and {Fyfe}, D. and {Gallardo}, E. and {Gallegos}, J. and {Gardiol}, D. and {Gebran}, M. and {Gomboc}, A. and {G{\'o}mez}, A. and {Grux}, E. and {Gueguen}, A. and {Heyrovsky}, A. and {Hoar}, J. and {Iannicola}, G. and {Isasi Parache}, Y. and {Janotto}, A. -M. and {Joliet}, E. and {Jonckheere}, A. and {Keil}, R. and {Kim}, D. -W. and {Klagyivik}, P. and {Klar}, J. and {Knude}, J. and {Kochukhov}, O. and {Kolka}, I. and {Kos}, J. and {Kutka}, A. and {Lainey}, V. and {LeBouquin}, D. and {Liu}, C. and {Loreggia}, D. and {Makarov}, V.~V. and {Marseille}, M.~G. and {Martayan}, C. and {Martinez-Rubi}, O. and {Massart}, B. and {Meynadier}, F. and {Mignot}, S. and {Munari}, U. and {Nguyen}, A. -T. and {Nordlander}, T. and {Ocvirk}, P. and {O'Flaherty}, K.~S. and {Olias Sanz}, A. and {Ortiz}, P. and {Osorio}, J. and {Oszkiewicz}, D. and {Ouzounis}, A. and {Palmer}, M. and {Park}, P. and {Pasquato}, E. and {Peltzer}, C. and {Peralta}, J. and {P{\'e}turaud}, F. and {Pieniluoma}, T. and {Pigozzi}, E. and {Poels}, J. and {Prat}, G. and {Prod'homme}, T. and {Raison}, F. and {Rebordao}, J.~M. and {Risquez}, D. and {Rocca-Volmerange}, B. and {Rosen}, S. and {Ruiz-Fuertes}, M.~I. and {Russo}, F. and {Sembay}, S. and {Serraller Vizcaino}, I. and {Short}, A. and {Siebert}, A. and {Silva}, H. and {Sinachopoulos}, D. and {Slezak}, E. and {Soffel}, M. and {Sosnowska}, D. and {Strai{\v{z}}ys}, V. and {ter Linden}, M. and {Terrell}, D. and {Theil}, S. and {Tiede}, C. and {Troisi}, L. and {Tsalmantza}, P. and {Tur}, D. and {Vaccari}, M. and {Vachier}, F. and {Valles}, P. and {Van Hamme}, W. and {Veltz}, L. and {Virtanen}, J. and {Wallut}, J. -M. and {Wichmann}, R. and {Wilkinson}, M.~I. and {Ziaeepour}, H. and {Zschocke}, S.},
	title = "{The Gaia mission}",
	journal = {\aap},
	keywords = {space vehicles: instruments, Galaxy: structure, astrometry, parallaxes, proper motions, telescopes, Astrophysics - Instrumentation and Methods for Astrophysics},
	year = 2016,
	month = nov,
	volume = {595},
	eid = {A1},
	pages = {A1},
	doi = {10.1051/0004-6361/201629272},
	archivePrefix = {arXiv},
	eprint = {1609.04153},
	primaryClass = {astro-ph.IM},
	adsurl = {https://ui.adsabs.harvard.edu/abs/2016A&A...595A...1G},
	adsnote = {Provided by the SAO/NASA Astrophysics Data System}
}